3032 4792
656 165 845 230 ..8-

192 337 323 408 perducta
335 341 378 391 est
388 335 490 390 Briseis
502 340 529 389 et
541 335 660 404 reliquae
669 336 796 390 mulieres
808 353 831 390 v.
839 335 898 400 280,
909 335 996 405 inquo
1002 337 1174 406 iacetcorpus
1179 339 1305 404 Patrocli,

191 425 220 478 iu
232 439 284 492 quo
304 422 395 492 paullo
412 426 474 474 ante
483 421 586 474 Briseis
597 422 750 476 Patroclum
767 423 911 476 lamentata
928 429 986 478 erat
1003 429 1031 477 et
1050 423 1079 476 iu
1103 439 1156 492 quo
1184 424 1304 480 Achilles

192 509 288 565 deinde
297 526 322 564 s.
332 507 384 562 315
396 521 453 576 sqq.
466 507 638 574 conqueritur
650 506 683 560 de
695 507 779 562 amico
791 509 896 574 amisso,
909 508 971 563 sein
980 509 1037 564 eius
1047 510 1296 578 corpusccniicieus

191 594 250 662 Quo
271 600 390 663 tempore
410 593 444 646 ab
460 592 566 646 Achille
587 591 763 647 discesserint
782 593 894 648 Atridae
914 593 1007 650 Ulixes
1026 595 1125 650 Nestor
1145 594 1302 649 Idomeneus

189 681 320 747 Phoenix,
328 683 519 734 nonnarratur.
533 678 552 732 J
553 677 661 746 uppiter
668 693 713 732 eos
719 677 848 732 miserans
855 679 1004 734 Minervam
1015 681 1102 747 mittit,
1115 696 1195 750 quae,
1210 681 1257 734 ubi
1268 680 1303 734 ad

189 781 271 822 naves
297 766 420 832 accessit,
436 765 557 819 'Achivos
573 763 645 818 sidet
662 763 696 818 ad
717 763 847 831 proelium
865 779 894 820 se
915 771 1057 821 armantes.
1086 766 1207 820 Achilles
1230 767 1303 820 haud

190 853 269 908 dubie
281 868 334 908 non
345 852 399 905 iam
409 851 439 904 in
450 849 564 905 tentorio
576 855 625 916 est,
638 849 686 904 sed
698 849 770 919 apud
782 855 888 905 ceteros
900 850 990 927 duces,
1004 851 1050 919 qui
1062 867 1115 920 quo
1121 851 1229 906 adducti
1241 853 1301 918 sint,
1333 897 1338 905 .

189 943 220 994 ut
230 944 286 992 tam
296 937 384 992 subito
396 936 431 992 ad
447 952 521 990 arma
538 935 673 1002 festinent,
692 951 726 991 ex
741 937 801 1004 ipso
820 936 936 991 carmine
948 953 1001 991 nou
1014 938 1183 1006 perspicitur.
1208 939 1301 1006 Υ374,

188 1025 289 1082 Hector
306 1025 360 1079 iam
371 1024 399 1076 in
417 1027 510 1087 coest,
527 1027 558 1076 ut
573 1021 608 1074 ad
618 1021 751 1076 Achillem
768 1022 879 1077 accedat
896 1027 1031 1078 certamen
1047 1025 1181 1094 singulare
1198 1043 1258 1081 cum
1270 1043 1302 1082 eo

187 1111 311 1176 initurus,
328 1109 417 1164 subito
434 1115 523 1162 tamen
534 1125 556 1161 v.
570 1107 621 1162 375
632 1107 729 1176 Apollo
747 1123 807 1162 eum
824 1108 949 1176 appellat,
967 1113 1060 1162 vetans
1077 1126 1140 1165 eum
1158 1112 1185 1166 id
1202 1112 1300 1169 facere.

187 1199 226 1251 At
236 1212 299 1252 vero
310 1200 399 1250 utrum
410 1195 463 1248 iam
474 1199 554 1248 antea
564 1193 637 1262 apud
649 1209 710 1248 eum
721 1191 804 1248 fuerit
816 1193 1043 1260 (videtureverbo
1050 1195 1193 1263 οιοραοιὰς
1203 1216 1227 1254 r.
1237 1199 1300 1267 375)

191 1299 226 1338 au
238 1299 270 1338 eo
281 1283 341 1351 ipso
351 1289 471 1350 tempore
483 1280 518 1334 ad
530 1295 590 1334 eum
601 1279 711 1346 venerit,
723 1295 776 1333 non
788 1281 936 1349 exponitur,
953 1297 1064 1349 prorsus
1082 1290 1174 1338 contra
1187 1299 1300 1338 consue-

166 1425 167 1428 ,
192 1369 312 1424 tudinem
323 1367 452 1422 librorum
462 1369 552 1418 Λ-Ρ,
582 1364 677 1432 Neque
688 1364 794 1418 additur
802 1373 828 1418 ἰ.
842 1366 901 1432 379,
914 1381 966 1433 quo
977 1366 1055 1422 abeat
1066 1368 1171 1436 Apollo,
1188 1371 1255 1424 nihil
1268 1371 1300 1424 de

192 1471 265 1512 eare
284 1454 381 1508 dicitur
398 1452 452 1506 uisi
471 1452 536 1506 hoc:
559 1447 595 1510 aa
615 1449 709 1520 ἔφαθ’.
737 1450 840 1506 Eodem
857 1451 934 1506 modo
952 1469 975 1504 ι.
987 1453 1038 1506 143
1049 1455 1145 1522 Apollo
1156 1455 1300 1510 Hectorem

188 1543 223 1598 ab
239 1541 347 1595 Achille
371 1537 499 1604 defendit,
526 1536 573 1592 aed
597 1553 684 1605 neque
704 1537 775 1591 unde
798 1537 910 1592 adeum
932 1537 1035 1592 venerit
1060 1546 1141 1607 poeta
1165 1547 1299 1605 memorat,

186 1643 274 1697 neque
301 1640 353 1694 quo
380 1623 541 1679 discesserit
577 1622 679 1677 Eadem
701 1621 734 1676 de
758 1637 856 1678 caussa
878 1639 931 1678 non
954 1639 1063 1692 possum
1087 1641 1140 1679 non
1164 1625 1299 1680 offendere

185 1715 214 1768 in
224 1731 247 1769 s.
259 1711 323 1768 455:

255 1795 291 1857 ὃς
309 1793 396 1850 εἰπὼν
415 1787 522 1863 Δρῦοπ’
540 1784 607 1846 οὗτοι
624 1790 680 1844 κατ’
701 1790 803 1862 αὐχένα
820 1797 926 1861 μέσσον
945 1791 1050 1850 ἄκοντι.
1069 1800 1097 1846 Φ
1112 1797 1163 1851 228
1174 1797 1297 1852 Xanthus

186 1891 297 1956 repente
312 1883 431 1953 appellat
446 1879 605 1950 Apollinem.
622 1895 700 1947 quem
718 1880 812 1934 adesse
829 1881 936 1936 omnino
955 1881 1099 1950 ignoratur.
1123 1883 1218 1951 Neque
1234 1883 1298 1952 quid

186 1971 282 2028 deinde
293 1967 391 2039 Apollo
402 1967 513 2036 incipiat
524 1971 655 2020 narretur.
676 1970 705 2017 X
716 1966 733 2018 5
744 1981 802 2034 sqq.
816 1968 965 2036 exponitur,
976 1967 1119 2023 Hectorem
1137 1969 1234 2024 adduci
1245 1985 1297 2025 uon

185 2059 313 2130 potuisse.
334 2061 365 2109 ιιι
384 2055 454 2108 intra
473 2053 577 2108 moenia
595 2052 691 2106 Troiae
710 2067 740 2105 se
760 2050 881 2106 referret
900 2053 999 2108 Postea
1017 2070 1080 2110 vero
1092 2055 1194 2110 Hector
1210 2055 1297 2110 subito

185 2161 203 2200 a
222 2150 302 2214 poeta
321 2141 434 2196 mittitur
451 2144 478 2194 et
494 2139 591 2208 Apollo
611 2137 746 2192 inducitur
764 2137 897 2192 Achillem
916 2139 1070 2208 adloquens.
1091 2143 1118 2190 Φ
1137 2141 1189 2195 600
1200 2143 1297 2210 Apollo

186 2230 330 2286 Antenoris
350 2227 436 2282 forma
455 2225 563 2279 indutus
583 2240 667 2293 prope
679 2223 812 2278 Achillem
823 2229 943 2292 steterat,
966 2230 994 2276 X
1005 2227 1022 2280 8
1033 2243 1091 2295 sqq.
1103 2232 1134 2280 ut
1149 2226 1216 2280 deus
1237 2243 1297 2282 eum

191 2318 316 2388 appellat.
336 2313 412 2380 Quae
423 2311 505 2366 verba
516 2316 579 2365 sunt
589 2311 776 2380 frigidissima:
796 2326 844 2364 our
854 2311 961 2366 andem
972 2327 1002 2367 se
1016 2317 1202 2381 persequatur,
1219 2314 1297 2367 homo

185 2407 265 2460 deum
276 2399 460 2466 immortalem
473 2412 534 2450 eum
547 2413 576 2452 se
587 2413 640 2451 non
651 2398 801 2465 agnovisse,
819 2397 867 2452 sed
880 2399 1010 2454 acerrime
1022 2399 1050 2452 in
1062 2414 1091 2453 se
1103 2398 1230 2466 irruisse;
1242 2414 1295 2451 non

186 2492 211 2547 ei
232 2477 306 2544 cordi
321 2500 381 2540 esse
400 2498 517 2553 pugnam
528 2482 710 2550 Troianorum,
731 2499 798 2552 quos
819 2483 964 2552 fugaverit:
986 2499 1015 2538 se
1036 2489 1126 2539 tamen
1142 2483 1176 2538 ab
1192 2499 1225 2538 eo
1241 2498 1296 2536 non

185 2575 355 2631 interfectum
366 2570 408 2634 iri,
424 2575 523 2637 utpote
536 2569 582 2637 qui
593 2569 671 2623 morti
682 2585 735 2623 non
748 2569 895 2624 destinatus
908 2571 948 2624 sit
968 2571 1073 2625 Deinde
1082 2569 1179 2638 Apollo
1190 2583 1295 2638 quoque

184 2661 298 2718 mittitur
309 2663 338 2712 et
350 2655 415 2725 quid
420 2655 539 2710 Achilles
547 2654 679 2720 moliatur,
692 2654 753 2708 iude
763 2670 866 2711 eversu
874 2657 907 2710 21
913 2662 1138 2712 commemoratur.
1151 2657 1297 2710 Praeterea

187 2747 329 2812 orationes,
342 2757 412 2812 quae
424 2747 487 2796 sunt
498 2740 701 2818 inucarminibus
712 2743 809 2808 Σ-Χ,
820 2742 933 2797 maxime
950 2749 1059 2812 propter
1076 2739 1146 2795 exile
1164 2739 1295 2808 quoddam

185 2832 290 2890 dicendi
301 2843 387 2900 genus
398 2826 530 2883 notandas
542 2831 611 2880 suut

252 2917 372 2986 Quarum
382 2915 434 2970 hae
450 2912 596 2981 praecipue
612 2911 795 2968 memorabiles
815 2917 890 2968 sunt:
909 2913 994 2968 oratio
1005 2913 1120 2968 Achillis
1132 2915 1157 2964 Σ
1168 2912 1294 2978 tid-126,

183 3001 388 3075 Agamemnonis
403 2997 563 3063 Tse-144,
573 2995 660 3051 Ulixis
676 2999 853 3065 Tala-237,
871 3000 979 3054 Aeneae
996 2999 1175 3066 Υ200-259,
1187 2997 1293 3053 Andro·

185 3092 295 3146 machaa
309 3093 337 3140 X
346 3084 489 3142 sss-514.

250 3178 283 3231 In
294 3173 407 3229 Achillis
419 3169 539 3241 oratioue
550 3172 578 3220 Σ
587 3168 621 3224 98
633 3185 691 3238 sqq.
703 3171 815 3226 molesta
826 3175 868 3224 est
880 3171 1012 3225 sententia
1017 3171 1110 3227 eadem
1118 3177 1160 3226 ter
1171 3171 1294 3239 repetita,

182 3258 443 3319 AchillemPstroclo
455 3257 579 3325 inpugna
585 3271 661 3325 opem
673 3271 726 3310 non
732 3257 827 3312 tulisse
833 3257 983 3326 etpericulo
990 3273 1089 3312 sunsmo
1095 3273 1148 3312 non
1154 3257 1294 3326 eripuisse,

182 3347 328 3404 staldo.
348 3345 405 3399 102.
431 3343 506 3397 Loco
526 3341 656 3396 communi
674 3357 753 3409 quem
769 3349 873 3409 vocant,
893 3359 917 3398 v.
930 3343 1072 3411 107-110,
1096 3343 1183 3398 animo
1200 3343 1294 3398 libenti

181 3448 329 3499 careamus,
340 3429 465 3500 quoniam
475 3445 535 3484 cum
547 3428 679 3483 sententia
690 3445 759 3496 quae
771 3429 905 3486 antecedit
917 3434 975 3484 arte
986 3447 1040 3484 uon
1049 3431 1182 3486 cohaeret.
1199 3430 1294 3484 Totius

181 3518 380 3583 enuntiationis,
393 3531 462 3585 quae
475 3521 517 3570 est
528 3514 589 3569 inde
601 3530 618 3568 a
629 3516 855 3584 versunolusque
866 3515 1014 3572 adversum
1023 3517 1081 3584 115,
1093 3517 1162 3572 ratio
1174 3523 1294 3572 οοοιοιικ

181 3611 223 3662 est
234 3610 262 3660 et
272 3603 432 3674 particulam
444 3601 505 3668 νῦν,
517 3617 587 3670 quae
599 3606 640 3656 est
651 3599 727 3655 initio
738 3618 762 3656 v.
775 3603 833 3669 101,
852 3603 942 3657 multis
960 3603 1081 3658 versibus
1099 3603 1247 3659 interiectis
1258 3603 1292 3658 ad

180 3691 290 3746 verbum
302 3690 373 3758 quod
384 3693 480 3744 vocant
491 3687 595 3743 finitum
607 3681 657 3756 εἶμ’
672 3686 841 3742 referendam
852 3704 921 3755 esse,
938 3705 1015 3744 nemo
1028 3695 1101 3746 certe
1113 3689 1251 3758 eleganter
1262 3704 1291 3743 se

180 3777 280 3832 habere
291 3775 417 3831 censebit
430 3773 520 3830 Verba
531 3792 555 3829 v.
568 3774 617 3828 121
630 3771 745 3843 κείσομ’,
759 3773 821 3826 ἐπεί
829 3792 860 3826 κε
871 3771 950 3826 θάνω
962 3777 1027 3830 mihi
1038 3793 1091 3830 non
1103 3778 1218 3846 placent,
1230 3775 1293 3845 quia

181 3867 292 3914 κεῖσθαι
313 3862 366 3916 iam
387 3861 521 3930 signifieat
545 3866 693 3926 „mortuum
712 3862 797 3926 esse“‚
819 3861 891 3915 velut
906 3878 928 3914 v.
942 3863 976 3915 20
989 3867 1016 3917 et
1033 3862 1100 3916 locis
1116 3862 1207 3916 multis
1223 3861 1292 3916 aliis.

180 3947 255 4003 Idem
275 3947 358 4016 igitur
376 3946 418 4000 bis
439 3946 596 4002 dictumest
614 3951 642 4000 et
659 3946 683 3999 si
703 3947 763 4014 quis
785 3963 845 4001 cum
857 3947 962 4012 Passio,
982 3947 1062 4002 aliam
1073 3946 1107 4002 ad
1124 3949 1192 4002 haec
1210 3945 1292 4000 rerba

180 4034 339 4103 explicanda
357 4033 426 4088 siam
442 4033 588 4099 ingressus,
608 4032 749 4100 putaverit,
767 4033 836 4088 inter
853 4047 883 4088 se
901 4033 999 4102 opponi
1016 4035 1067 4088 hoc
1078 4049 1158 4089 versu
1176 4027 1290 4100 κείσομ’,

179 4119 243 4172 ἐπει
253 4135 282 4172 κε
295 4115 375 4170 θάνω
388 4125 416 4176 et
434 4121 486 4170 νῦν
504 4118 536 4170 st
552 4120 629 4176 altos
646 4115 749 4170 ἐσθλὸν
767 4115 887 4188 ἀροίμην
904 4119 933 4187 (i.
946 4136 968 4174 e.
982 4119 1087 4189 quando
1104 4123 1224 4173 mortuus
1236 4133 1291 4183 ero,

180 4205 254 4262 iners
266 4211 293 4262 et
304 4207 405 4261 otiosus
417 4205 518 4272 iacebo,
529 4219 600 4260 nuuc
611 4221 683 4272 vero,
695 4205 779 4270 vivus,
798 4204 908 4272 gloriam
918 4207 1085 4274 praeclaram
1096 4204 1252 4272 adipiscar),
1264 4201 1291 4257 id

180 4291 240 4348 heri
251 4309 333 4362 posse
349 4293 471 4362 praecise
489 4308 565 4360 nego,
582 4307 642 4346 cum
658 4291 739 4346 verbu
756 4286 792 4348 dir
813 4291 859 4342 rat
872 4289 945 4358 ἰγὼν
957 4287 1072 4360 κείσομ’,
1092 4289 1154 4342 inst
1169 4307 1199 4342 κε
1210 4285 1289 4341 θάνω

179 4383 273 4446 aperte
282 4378 424 4434 referenda
436 4378 489 4433 sint
499 4378 534 4433 ad
546 4378 768 4446 comparationem
779 4383 859 4433 antea
870 4378 1030 4434 institutam:
1043 4377 1114 4432 sicut
1119 4393 1153 4432 ne
1158 4377 1289 4432 Hercules
