3032 4792
633 193 845 258 ..15„.

184 361 294 424 ustrou
308 359 460 432 ψεύδεσθαι
476 361 561 416 αὐτόν
574 379 652 432 φησι,
669 364 827 430 έρεθίζουσα
846 363 892 415 ent
906 361 955 415 τὸν
967 357 1061 432 όρκον.
1097 359 1175 419 Unde
1191 369 1303 432 apparet

183 448 356 506 aristochum
378 457 452 506 certe
471 452 558 520 ipsum
569 451 640 504 hanc
654 450 765 504 formam
776 449 942 503 intellexisse
952 447 1071 502 iutnrum
1084 449 1157 503 verbi
1170 449 1302 512 ψευστέιυ.

185 537 262 604 Quod
274 539 384 592 verbum
397 551 458 591 cuni
470 551 602 604 nusquam
614 541 687 590 esset
698 535 726 587 in
735 533 896 587 carminibus
903 533 1061 601 Homericis,
1073 534 1151 586 Imm.
1160 534 1303 588 Βαλλοταιε

183 623 309 677 mendum
320 622 469 691 scripturae
482 621 634 689 suspicatus
647 619 745 674 litteris
757 619 884 673 disiunxit
895 625 923 674 et
934 617 1042 687 scripsit
1054 615 1172 685 ψεύστης
1185 623 1229 678 είς,
1244 621 1304 690 Ego

184 707 292 776 quidem
305 723 358 760 non
370 706 476 760 offendo
488 706 516 759 in
528 707 579 760 hac
591 720 664 774 voce,
687 705 765 758 immo
777 720 837 758 cum
848 705 932 758 multa
948 704 1029 759 rerba
1047 704 1239 761 denominativa
1250 705 1305 761 sint

184 795 213 846 in
225 793 377 860 rhapsodiis
390 792 423 846 de
436 791 532 859 quibus
543 789 708 855 disserimus,
733 803 802 856 quae
813 789 949 843 rarissime
966 795 1069 843 tantum
1080 790 1212 858 legantur,
1232 793 1306 846 nullo

184 879 262 932 modo
274 877 375 943 dubito,
396 876 460 944 quin
479 878 611 939 ψευστεῖν
630 874 773 929 formatum
790 875 853 928 sita
871 870 991 940 ψεύστης
1008 881 1039 929 ut
1056 879 1182 941 βοωτεῖν,
1201 881 1306 940 βατεῖν,

185 967 278 1028 βατεῖν
298 979 315 1016 ιι,
335 957 446 1026 βοώτης,
466 955 558 1026 βιὶτης,
581 955 670 1024 βότης.
708 959 811 1014 Eadem
831 960 965 1014 sententia
982 960 1157 1027 estAupurti
1167 962 1304 1015 Lobec‘tiz'.
1370 1007 1372 1012 .

185 1049 239 1115 Qui
251 1049 279 1101 in
291 1047 370 1112 libro,
383 1045 428 1114 qui
440 1045 596 1100 inscribitur
611 1040 775 1114 Ῥηματικὸν
788 1045 843 1099 sive
855 1044 996 1099 verborum
1011 1061 1167 1114 graecorum
1183 1055 1210 1102 et
1221 1049 1303 1102 nomi·

185 1151 249 1188 num
262 1132 431 1199 technologia
444 1148 470 1199 p¹
483 1132 534 1186 150
553 1131 703 1186 rectissime
725 1124 844 1195 ψεύστης
864 1125 901 1188 εἷς
922 1130 1004 1184 multo
1024 1132 1101 1199 peius
1123 1147 1183 1186 esse
1204 1141 1304 1188 censet.

185 1219 240 1272 Sed
246 1217 298 1271 alia
308 1215 523 1282 acceditcuussa,
536 1231 584 1268 cur
597 1211 758 1281 ψευστήσεις
769 1214 935 1284 praeferam:
949 1215 1048 1270 etenim
1055 1216 1177 1270 sinomen
1189 1213 1306 1282 ψεύστης

184 1303 292 1356 omnino
315 1301 466 1356 abessetab
478 1301 569 1366 Iliade,
590 1301 695 1355 incerta
711 1317 777 1356 sane
798 1307 870 1356 esset
881 1315 931 1354 vox
945 1303 1078 1366 ψευοτέιυ,
1099 1301 1197 1370 legitur
1216 1309 1306 1358 autem

186 1387 253 1441 illud
264 1388 290 1435 tl
305 1385 355 1438 261

255 1471 376 1534 ψεῦσταί
393 1468 411 1521 τ’
435 1467 569 1539 ὀρχησταί
584 1487 620 1537 τε,
638 1475 850 1542 χοροιτυπίῃσιν
868 1466 990 1540 ὅριστοις
1010 1471 1089 1540 plane
1110 1473 1213 1545 a'bestts
1231 1471 1308 1526 libris

189 1559 278 1623 Α-Ρ,
300 1557 347 1610 ubi
359 1571 441 1624 saepe
461 1551 624 1621 ψεύδεσθαι,
648 1555 760 1622 ψεῦδος,
782 1556 864 1611 semel
883 1551 996 1622 ψευδής,
1021 1557 1103 1612 semel
1116 1552 1306 1624 ψευδάγγελος

190 1651 236 1699 est.
272 1641 374 1712 Facile
386 1647 476 1695 autern
497 1641 559 1696 fieri
578 1643 674 1712 potuit,
695 1649 724 1696 nt
743 1642 772 1695 in
795 1641 871 1696 libris
891 1641 1040 1710 postremis,
1061 1641 1107 1696 ubi
1128 1637 1306 1709 ψείστηςοειτ,

193 1731 321 1793 ψευστεῑν
333 1727 418 1780 etiam
430 1726 598 1795 formaretur,
610 1735 640 1783 ut
652 1731 769 1780 πενθεῖν
780 1743 797 1781 a
808 1741 872 1781 voce
883 1729 997 1786 πένθος.

256 1813 414 1864 πενθεῖν
426 1819 468 1866 est
483 1813 567 1868 Τ225
579 1815 689 1881 γαστέρι
702 1809 727 1863 d'
751 1811 844 1870 οἴπιυς
862 1810 916 1863 ἔστι
938 1815 1021 1863 νέκυν
1038 1807 1174 1876 πενθῆσαι
1184 1810 1308 1881 Ἀχαιοὺς

191 1906 218 1954 et
232 1903 260 1948 Ψ
268 1899 321 1953 283
334 1897 382 1948 τὸν
395 1890 456 1964 τώγ’
472 1891 596 1955 ἑσταότες
616 1901 787 1962 πενθείετον,
799 1898 863 1953 item
875 1897 916 1951 his
928 1897 956 1952 in
968 1897 1088 1967 Odyssea
1100 1914 1117 1947 σ
1130 1897 1180 1952 174
1192 1906 1220 1952 et
1232 1917 1244 1949 τ
1258 1901 1309 1952 120

191 1986 251 2038 έπεὶ
264 1980 361 2036 κιὶκιον
374 1978 544 2051 πενθήμεναι
559 1978 672 2050 όκριτον
685 1985 747 2036 αἰεί.
777 1983 858 2052 Apud
869 1983 1033 2052 Aeschylum
1045 1981 1209 2037 Herodotum
1220 1983 1307 2038 Plato-

190 2088 254 2126 nem
264 2071 326 2126 alios
339 2087 371 2126 ea
381 2085 432 2124 vox
443 2074 586 2136 praeterea
595 2069 701 2138 legitur.

142 2189 147 2195 -
263 2155 280 2205 d
286 2173 338 2207 ειπ
350 2157 425 2206 νεῖν
445 2148 496 2204 ἀπ.
511 2155 558 2220 εἰρ.
575 2155 661 2208 Τ304
679 2149 838 2222 λισσόμενοι
860 2152 1015 2216 δειπνῆσαι.
1050 2151 1308 2221 Frequentissimum

196 2240 300 2295 verbum
312 2242 340 2295 in
360 2240 489 2311 Odyssea,
510 2257 521 2291 ε
541 2239 575 2294 95
586 2263 619 2282 =
632 2243 646 2300 ξ
659 2242 717 2308 111,
738 2240 826 2306 «1695,
847 2239 928 2303 ems,
939 2239 999 2304 912,
1019 2234 1089 2304 ote,
1100 2239 1160 2304 397,
1181 2255 1198 2288 v
1209 2241 1268 2306 119,
1280 2241 1308 2296 in

196 2325 296 2394 hymnis
315 2331 357 2380 est
376 2325 466 2392 semel,
487 2324 513 2379 h.
533 2326 621 2395 Apoll.
644 2327 721 2396 Pytln
740 2325 799 2381 319.
827 2323 908 2393 Apud
925 2322 1071 2378 Hesiodum
1089 2322 1137 2393 Op.
1158 2329 1186 2378 et
1205 2323 1238 2379 D:
1256 2327 1308 2381 442

117 2405 126 2416 ’
192 2407 276 2478 ι’ίρτον
289 2405 439 2478 δειπνήσας
451 2402 530 2478 τειρό
545 2427 661 2480 τρυᾳιαν.

259 2495 272 2547 έ
277 2515 296 2547 π
308 2516 315 2546 ι
327 2499 364 2547 νέ
369 2516 389 2546 ιιι
403 2503 445 2552 est
460 2500 485 2546 Y
495 2498 545 2552 128
563 2492 635 2549 όσσα
655 2499 681 2549 οἱ
694 2492 768 2564 Aisa
783 2497 788 2566 Ι
802 2497 955 2564 γεινομένῳ
969 2493 1083 2557 έπένησε
1102 2495 1178 2560 λίνῳ,
1197 2491 1241 2548 ὅτε
1258 2515 1309 2566 μιν

192 2585 248 2633 τέκε
266 2576 357 2649 μήτηρ
375 2587 402 2636 et
419 2583 445 2632 Ω
458 2583 509 2636 210
526 2583 562 2649 τῷ
575 2579 603 2633 d'
626 2578 662 2642 ὣς
678 2587 748 2634 node
761 2585 855 2648 Maipa
877 2577 991 2648 κραταιὴ
1006 2579 1011 2649 Ι
1025 2585 1179 2650 γεινομένῳ
1193 2581 1307 2644 έπένησε

191 2667 267 2732 λίνῳ,
283 2663 326 2718 ὅτε
339 2684 389 2735 μιν
402 2669 481 2718 τέκον
493 2664 569 2730 αἰτή.
590 2669 661 2724 Casu
671 2667 770 2722 sactum
782 2674 832 2733 est,
842 2673 874 2720 ut
884 2666 994 2721 verbum
1005 2665 1118 2734 simplex
1128 2683 1181 2721 non
1193 2668 1309 2736 positum

191 2759 264 2808 esset
275 2753 304 2807 in
316 2752 406 2808 Iliade.
436 2753 520 2808 Aliud
532 2754 706 2823 compositum
717 2759 759 2809 est
770 2753 799 2806 in
812 2751 942 2821 Odyssea,
956 2769 973 2816 η
986 2750 1036 2805 196
1048 2750 1118 2802 lusa
1132 2751 1161 2802 ‹l'
1177 2752 1273 2804 ἔπειτα
1289 2757 1294 2822 Ι

191 2842 315 2890 πείσεται
328 2833 399 2888 ἅσσα
413 2839 439 2890 ct
451 2835 525 2891 Αἶσα
537 2837 606 2890 κατὰ
620 2840 733 2896 Kleides
750 2855 777 2889 τε
794 2840 902 2902 βαρεῖαι
916 2838 921 2904 Ι
936 2839 1087 2905 γεινομένῳ
1101 2833 1218 2902 νήσαντο
1231 2840 1308 2904 λίνῳ,

191 2921 236 2975 ὅτε
248 2939 300 2992 μιν
312 2926 370 2975 τέκε
381 2919 477 2992 μήτηρ.
497 2926 573 2981 Inter
579 2941 645 2994 quos
652 2930 708 2979 tres
715 2924 787 2978 locos
794 2921 1310 2979 similitudinemmaximamintercedere

191 3023 269 3063 nemo
282 3015 331 3076 est,
344 3009 390 3077 qui
402 3017 488 3079 neget.

260 3095 388 3157 βουκσλ
398 3113 408 3148 ε
418 3099 477 3147 tos
487 3116 537 3164 αις
557 3095 644 3151 media
657 3093 738 3148 huius
754 3092 829 3148 verbi
840 3089 925 3147 forma
935 3097 960 3143 Υ
975 3093 1023 3148 221
1042 3098 1144 3148 tantum
1162 3099 1211 3160 est,
1223 3093 1310 3147 activa

191 3178 282 3233 ι41448
295 3175 365 3230 ctd'
387 3180 529 3239 εἰλίποδας
546 3179 637 3239 ἕλικας
653 3179 720 3244 βοῦς
736 3179 937 3244 βουκολέεσκες,
958 3177 1040 3233 semel
1051 3179 1079 3233 in
1094 3178 1170 3234 libris
1182 3181 1267 3229 A-P
1287 3177 1311 3235 Ξ

191 3259 355 3319 445Ἢνοπι
367 3267 542 3330 βουκολέοντι
556 3273 584 3321 et
595 3283 611 3316 κ
624 3266 658 3321 85
671 3262 719 3317 τὸν
730 3264 785 3334 μέν
796 3265 961 3330 βουκολέων.

262 3345 336 3402 ἀτεῖ
343 3368 374 3415 ν,
396 3351 505 3406 ductum
516 3367 534 3406 a
544 3351 649 3406 nomine
670 3347 729 3416 ἄτη,
750 3357 792 3406 est
814 3345 865 3404 ἁπ.
886 3350 935 3420 ελρ.
960 3352 986 3398 Υ
995 3349 1047 3405 332
1065 3353 1103 3408 τίς
1119 3345 1142 3401 τ’
1158 3338 1216 3402 uim
1235 3349 1310 3402 θεῶν

192 3429 308 3486 ιἰτέοντα
320 3434 422 3490 κελεύει
445 3477 453 3493 .
469 3477 513 3493 ...
537 3433 686 3506 μα’χεσθαι,

262 3518 445 3587 ὀχλεῖσθαι
457 3529 499 3579 est
514 3519 565 3576 απ.
580 3525 627 3591 sip.
641 3527 669 3572 ‹l›
680 3524 730 3578 261
742 3517 795 3574 ὑπὸ
810 3517 1050 3591 munitissimarum
1068 3519 1073 3589 Ι
1100 3516 1252 3589 ὀχλεῦνται.

261 3623 325 3675 τυμ
332 3611 369 3672 βο
374 3626 434 3676 χοε
444 3611 478 3658 ῖν
491 3615 533 3663 est
545 3602 594 3662 υῗπ.
608 3610 658 3676 sip.
671 3609 756 3663 ‹12323
769 3603 836 3658 οὐδέ
846 3612 874 3659 τί
883 3623 933 3677 μιν
939 3599 1013 3676 χρεὼ
1029 3607 1033 3676 Ι
1049 3605 1123 3659 ἔσται
1135 3603 1309 3677 τυμβυχοηό,

193 3689 237 3746 ὅτε
251 3711 300 3760 μιν
312 3687 459 3744 θάπτωσιν
468 3690 581 3762 Ἀχαιοί.
606 3693 715 3750 Scholia
732 3695 837 3750 Veneta
847 3693 963 3759 uadunt,
975 3693 1162 3747 Aristarchum
1173 3693 1243 3748 hanc
1254 3693 1309 3748 ior-

192 3795 262 3834 mam
273 3779 438 3834 intellexisse
450 3778 546 3848 infinit.
557 3795 612 3835 τοι.
625 3780 699 3835 verbi
712 3781 886 3848 τυμβοχοεῖν,
905 3784 997 3832 contra
1009 3777 1141 3832 Cratetem
1158 3779 1310 3845 genetivum

194 3865 307 3921 nominis
322 3856 469 3932 τυμβοχόη.
499 3865 652 3920 Aristarchi
670 3865 827 3920 sententiam
838 3863 895 3919 fera
914 3879 1004 3918 omnes
1021 3863 1183 3917 recentiores
1195 3861 1310 3920 editores

195 3949 702 4020 comprobaveruntutverisimiliorem3
717 3951 792 4004 ΕΑ.
808 3949 929 4016 Wolflcr,
941 3947 1109 4016 Spissum-cs,
1124 3947 1311 4000 Βαττιπυιιιιτιε

197 4035 302 4089 Crateti
312 4035 417 4090 assensi
431 4041 499 4089 sunt.
523 4033 570 4091 Me
582 4041 612 4091 ut
630 4036 781 4106 praeferam
800 4035 909 4092 verbnm
926 4040 1013 4090 movet
1024 4033 1154 4088 Herodoti
1164 4031 1239 4088 locus
1249 4033 1311 4101 VII,

194 4122 242 4176 117
256 4116 418 4190 ἐτυμβοχόεε
431 4120 461 4172 dl
474 4123 552 4172 πᾶσα
565 4119 581 4184 ή
594 4125 704 4192 στρατλη
717 4121 789 4176 etad
800 4118 984 4176 formationem
994 4117 1154 4173 huiusverbi
1165 4121 1227 4186 apte
1239 4133 1310 4173 com-

192 4213 303 4279 paratur
313 4211 345 4258 H
353 4205 405 4262 336
418 4202 524 4276 τύμβον
536 4205 554 4258 d
559 4205 566 4224 ¹
581 4203 658 4278 ἀμφὶ
669 4204 762 4273 πυρὴν
774 4205 822 4259 ἕνα
832 4199 954 4273 χεύομεν
966 4203 1050 4272 έέαγα
1062 4198 1166 4271 γόντες.

261 4295 434 4362 κατηφεῖν
447 4295 489 4347 est
501 4285 551 4344 ἀπ.
565 4292 614 4361 sip.
628 4295 657 4344 X
666 4293 718 4348 293
730 4293 778 4355 στῆ
791 4291 822 4344 δέ
835 4286 1005 4360 κατηηήσας,
1019 4289 1103 4345 semel
1121 4288 1201 4344 etiam
1212 4287 1311 4356 legium

191 4380 219 4434 in
231 4378 352 4449 Odyssea
361 4398 383 4432 ιτ
393 4379 445 4436 342
456 4379 609 4449 μνηστῆρες
621 4377 640 4430 d
645 4375 651 4396 ¹
668 4372 809 4446 ἀκάχοντο
823 4371 989 4446 κατήιγησόν
1002 4371 1067 4428 τ’ένλ
1080 4375 1172 4444 θυμῷ.
