3032 4792
656 199 910 266 -13-'

194 371 351 444 ’γλαυκιόων
363 369 483 432 δ’ὄσσοις
495 369 588 426 δεινὸν
601 367 720 441 πλευράς
737 390 765 424 τε
783 372 829 422 καὶ
848 366 940 438 ώμους
954 369 959 437 Ι
975 363 1041 438 οὖρῆ
1060 361 1204 437 μαστιόων·
1223 367 1310 418 ποσσὶ

197 456 316 532 γλάφεν.

264 547 409 614 σκιρτᾶν
420 552 462 600 est
476 544 561 600 Y226
579 550 606 598 et
616 541 675 608 228,
691 539 736 596 ὅτε
749 540 783 606 δὴ
803 542 947 610 σκιρτῷενς
964 537 993 595 in
1010 538 1311 608 Batrachomyomaclria

198 638 240 688 est
251 632 301 698 bie,
313 648 335 686 v.
348 631 382 687 60
394 637 421 686 et
435 631 491 685 175.
571 623 572 628 '
750 633 752 639 “

264 715 392 768 πιτνᾶν
405 722 446 770 est
457 719 484 764 Φ
497 715 512 768 7
525 709 589 780 ἦίρα
602 706 710 778 δ’“Ἠρη
727 711 730 780 1
746 715 829 762 πίτνα
838 707 947 778 πρόσθε
954 713 1081 776 βαθεῖαν,
1093 707 1312 776 Ἑοτῐατπίτνημι

196 803 279 856 estin
291 801 412 870 Odyssea
424 801 437 848 λ
450 801 501 855 392
514 796 612 856 πιτνάς
624 803 652 850 et
666 801 694 846 X
703 798 754 852 402
772 793 847 866 ἀμφὶ
865 796 897 848 δὲ
905 801 1002 865 χαῖται
1016 799 1021 864 1
1036 792 1150 847 κυάνεαι
1167 798 1310 859 πίτναντο,

196 885 253 940 cod.
266 885 362 940 Venet.
373 892 461 940 tamen
473 891 501 938 ct
511 883 671 938 Eustathius
684 883 810 938 exhibent
821 884 969 938 πίλναντστ
981 879 1057 948 yerbi
1069 880 1172 932 πιτνᾶν
1181 895 1245 936 vero
1253 879 1313 934 nul·

196 971 251 1025 lum
263 969 336 1023 aliud
352 970 501 1039 exemplum
518 975 560 1022 est
578 968 649 1036 apud
661 967 813 1022 Homerum.
838 971 946 1021 πίτναν
963 969 1029 1022 dixit
1039 966 1175 1022 Hesiodus
1187 993 1221 1000 -
1233 963 1314 1017 liceat

196 1056 267 1108 enim
278 1055 416 1109 brevitatis
428 1069 525 1108 caussa
536 1052 575 1107 sic
587 1054 676 1108 dicere
688 1081 722 1090 -
734 1053 762 1106 in
775 1061 841 1107 scut.
855 1055 935 1108 Herc.
949 1055 1000 1108 291
1013 1053 1060 1102 καὶ
1080 1051 1195 1104 ἔπιτνον
1208 1041 1311 1113 ἀλωήν.

267 1136 373 1190 άτιολι
377 1157 398 1208 χ
403 1139 470 1204 μάν
482 1145 524 1192 est
535 1139 563 1187 Φ
576 1139 625 1192 123
639 1130 694 1203 αἷμ’
716 1133 955 1206 ἀπολιχμήσονται
974 1135 1096 1201 ἀκηδέες.
1121 1135 1180 1191 Nec
1199 1133 1313 1202 simplex

95 1269 100 1274 .
197 1239 248 1280 nco
261 1225 434 1294 componitum
444 1224 554 1278 verbum
567 1223 638 1291 apud
649 1223 794 1277 Homerum
806 1221 871 1276 alibi
881 1215 997 1293 ponitur'.
1011 1219 1132 1292 λιχαιίζω
1152 1221 1234 1276 estin
1246 1222 1312 1272 scut

197 1307 278 1364 Herc.
290 1310 341 1366 235
353 1311 484 1376 λίχμαζον
496 1304 576 1374 δ’άρα
595 1302 674 1374 τώγε.

269 1387 367 1446 νάειν
379 1401 420 1450 est
432 1395 481 1446 ἁπ,
494 1395 543 1459 εἰρ.
555 1395 583 1463 ⁴13
596 1393 644 1448 197
657 1394 703 1443 καὶ
716 1393 802 1442 πᾶσαι
811 1388 1184 1463 κρῆναικαλφρείαταμακριλ
1199 1384 1315 1440 νάουσιν

199 1495 248 1548 pro
260 1477 345 1532 forma
356 1479 384 1533 in
395 1479 556 1534 carminibus
567 1477 717 1533 Homericis
727 1479 828 1532 usitata
841 1483 938 1544 ναίειν,
952 1495 1068 1535 manare.

191 1579 194 1585 ·
269 1559 545 1631 άκροκελαινιᾱν
562 1570 604 1618 est
620 1559 669 1615 άπ.
690 1566 739 1632 elo.
751 1565 840 1619 <15249
858 1555 928 1634 ὦρτο
943 1561 1015 1618 d'ru’
1038 1561 1315 1634 αὐτόν1άκροκελαι-

204 1644 297 1701 νιόων.
334 1649 451 1704 Ductum
470 1666 533 1705 vero
551 1655 621 1704 esta
643 1649 724 1704 verbo
743 1650 891 1714 κελαινιᾶν,
916 1650 986 1718 quod
1009 1649 1157 1706 derivatum
1169 1637 1315 1706 estauoce

203 1731 325 1792 κελαινὸς
337 1735 430 1790 eodem
444 1735 521 1790 modo
538 1741 569 1788 ut
586 1735 750 1801 χλαυκιᾶνε
767 1751 831 1791 voce
848 1733 968 1802 γλαυκὸς
979 1742 1006 1792 et
1023 1737 1057 1791 ab
1074 1737 1203 1792 adiectivo
1222 1725 1314 1794 ιἐκσός.

202 1819 343 1871 κελαιινιᾶν
353 1837 406 1874 nou
418 1827 460 1876 est
471 1821 542 1889 apud
553 1821 698 1874 Homerum
710 1823 763 1888 (est
774 1821 976 1888 apudNonnum
983 1821 1091 1890 Dionys
1104 1822 1146 1886 38,
1159 1819 1192 1874 18
1204 1825 1231 1874 et
1242 1813 1315 1886 apud

204 1904 313 1974 Oppion.
326 1903 442 1960 Halieut.
455 1905 481 1972 4,
493 1907 547 1976 67),
565 1905 613 1961 sed
624 1907 802 1974 μελαίνεσθαι
816 1911 928 1973 tantum,
945 1895 1034 1961 semel
1044 1907 1123 1960 etiam
1135 1895 1316 1975 μελαίνεσθαι,

203 1991 274 2045 velut
284 1991 310 2040 E
320 1991 379 2045 354.
392 1993 420 2040 Σ
429 1991 487 2046 548.

273 2075 391 2143 λωφιῖν
402 2081 444 2130 est
456 2071 505 2133 άπ.
518 2079 567 2145 olo.
585 2079 702 2145 (semper
719 2083 808 2131 autem
829 2078 867 2131 eis
883 2077 972 2132 verbis
990 2076 1101 2131 Iliadem
1119 2083 1223 2130 tantum
1242 2073 1318 2140 dico)

209 2159 236 2206 Φ
246 2157 294 2212 292
305 2156 359 2210 ἀλλ’
375 2154 422 2212 ὅδε
434 2161 489 2229 μέν
501 2157 570 2232 τάχα
590 2158 726 2232 λωφήσειε
745 2163 773 2216 in
786 2161 907 2231 Odyssea
924 2167 965 2217 est
983 2162 1156 2230 compositum
1178 2161 1250 2216 ι460
1263 2155 1318 2209 κᾶθ’

208 2239 402 2312 δέκ’έμόνκῆρ
419 2247 422 2316 1
438 2242 573 2317 λωφήσειε
591 2248 692 2302 κακῶν.
726 2246 807 2315 Apud
826 2252 920 2316 poetas
941 2254 968 2302 et
989 2248 1132 2314 scriptores
1157 2245 1319 2314 posteriores

207 2329 357 2384 vocabulum
369 2332 433 2386 satis
445 2331 574 2402 frequens
586 2340 635 2398 est,
648 2326 772 2402 λώφησις
783 2331 881 2398 legitur
893 2331 964 2400 apud
977 2331 1097 2401 Thucyd-
1112 2330 1159 2396 IV,
1173 2331 1213 2385 81·

270 2417 442 2478 κυβιστᾶν
453 2418 602 2473 Patrocliae
621 2419 741 2485 debetur,
765 2416 860 2470 [1745
878 2421 905 2470 et
927 2416 976 2470 749
995 2416 1053 2484 ῥεῖα
1073 2416 1197 2481 κυβιστᾷ,
1222 2430 1319 2468 nomen

204 2493 364 2565 καβιστητήρ
376 2501 473 2556 ibidem
488 2509 538 2567 est,
552 2507 583 2552 Π
592 2494 669 2569 75οή
688 2503 722 2572 ῥα
744 2503 790 2552 καὶ
808 2501 839 2554 ἐν
854 2497 976 2576 Τρώεσσι
996 2502 1184 2568 κυβιστητῆρες
1203 2500 1280 2551 ἔασιν
1292 2503 1320 2553 et

203 2583 352 2638 urinatores
365 2586 556 2654 significantur.
576 2589 651 2655 Quod
662 2604 757 2642 nomen
769 2587 821 2640 alia
832 2587 858 2640 vi
868 2587 983 2654 positum
996 2593 1037 2642 est
1046 2589 1073 2637 Σ
1083 2587 1174 2642 605=
1187 2585 1204 2636 d
1216 2586 1257 2650 18,
1273 2583 1320 2636 ubi

203 2683 314 2723 scurrae
326 2668 458 2738 dicuntur,
468 2673 579 2728 verbum
589 2679 730 2743 practerea
740 2673 840 2741 legitur
852 2673 937 2728 «1)354
949 2676 1084 2738 κυβίστων
1098 2673 1167 2724 ἔνθα
1181 2673 1225 2722 καὶ
1239 2670 1319 2732 ἔνθα,
1397 2721 1403 2737 ,

204 2767 244 2808 se.
257 2769 355 2822 plsces.

272 2841 407 2908 τρωχιῖν
420 2842 530 2898 ductum
541 2859 558 2898 a
569 2844 659 2899 radice
671 2844 746 2898 verbi
759 2846 843 2911 τρέχω
855 2850 886 2897 ut
898 2844 1006 2911 τρυπᾶν
1018 2843 1132 2898 aradios
1141 2841 1215 2897 verbi
1228 2843 1318 2907 τρέπα

203 2930 247 2978 est
259 2919 308 2980 dn,
321 2927 371 2992 εἰρ.
397 2931 424 2977 Χ
436 2929 485 2984 163
505 2923 631 2997 μώνυχες
654 2930 737 2980 ἵπποι
752 2929 756 2997 1
772 2929 863 2996 ῥίμφα
880 2922 954 2991 μάλα
969 2929 1100 2997 τρωχῶσι.
1137 2927 1226 2982 Semel
1239 2933 1280 2982 esi
1291 2928 1319 2981 in

205 3008 335 3079 Odyssea,
350 3011 364 3071 ζ
372 3013 423 3066 318
435 3015 463 3062 αἱ
476 3010 499 3064 d‘
514 3005 544 3066 εὖ
555 3015 610 3084 μέν
622 3009 743 3083 τρώχων,
758 3004 787 3066 εὖ
799 3012 831 3065 dl
844 3014 993 3065 πλίσσοντο
1002 3006 1139 3065 πόδεσσιν
1148 3027 1185 3068 sc.
1200 3007 1319 3082 ήμίσνσι.

274 3110 378 3147 στονιι
382 3101 439 3164 χεῖ
445 3116 461 3148 ν
479 3106 521 3154 est
532 3103 560 3150 Σ
570 3102 620 3156 124
638 3097 739 3152 deroso
757 3100 925 3167 στοναχῆσαι
943 3099 1041 3167 ἐφείην
1058 3099 1165 3154 ductum
1182 3114 1199 3152 a
1214 3100 1319 3154 nomine

204 3176 333 3250 στοναχή,
358 3183 428 3251 quod
447 3189 488 3238 est
499 3188 525 3234 B
535 3186 596 3242 356.
609 3186 661 3241 590
675 3181 786 3250 Ἑλένης
806 3179 953 3254 ὁρμήματά
976 3202 1003 3238 τε
1024 3179 1160 3252 στοναχάς
1181 3202 1208 3236 τε
1221 3191 1248 3240 et
1260 3184 1320 3239 aliis

203 3265 280 3320 locis·
314 3267 347 3321 In
366 3268 471 3337 hymnis
491 3271 573 3325 semel
595 3271 693 3341 legitur
710 3273 794 3327 forma
810 3266 1006 3340 στοναχήσεται
1024 3277 1051 3326 et
1062 3269 1234 3340 compositum
1245 3269 1271 3318 Ω
1287 3269 1320 3323 79

205 3347 407 3421 ἐπεστονάχησε
422 3353 453 3404 δὲ
465 3356 558 3423 λίμνη.

274 3455 309 3503 τρ
319 3455 360 3488 σπ
368 3456 379 3490 ε
387 3441 421 3488 ῖν
433 3445 474 3494 est
485 3443 510 3490 Σ
522 3441 573 3496 224
585 3443 668 3494 ἵπποι
684 3442 688 3512 1
704 3439 747 3508 ἄψ
761 3438 961 3512 ὄχεατράζτεον,
973 3459 1105 3514 nusquam
1116 3443 1181 3498 almi
1192 3439 1320 3496 inlliade.

206 3524 306 3578 Contra
318 3523 481 3590 ἓπιῑρασεῖν
493 3531 535 3580 est
548 3531 573 3578 Κ
578 3529 628 3582 421
645 3531 754 3597 Τρωσὶν
765 3527 819 3596 γάρ
829 3531 1023 3597 ἐπιτραπέουσι
1033 3525 1194 3597 φυλάσσειν,
1208 3523 1258 3581 άπ.
1272 3529 1320 3592 εἰρ.

204 3610 295 3677 Atque
307 3609 427 3664 hocloco
446 3612 670 3678 pronuntiandum
692 3619 741 3679 est,
762 3615 832 3681 quod
853 3616 934 3670 certis
955 3616 1119 3684 argumentis
1144 3613 1321 3668 demonstrari

205 3699 302 3764 potest,
314 3695 433 3750 carmina
444 3699 461 3744 I
471 3701 497 3750 et
508 3699 535 3746 K
540 3697 645 3752 vinculo
657 3699 770 3766 quodam
782 3699 849 3754 etin
861 3701 1000 3756 verborum
1012 3700 1088 3769 copia
1100 3705 1127 3754 et
1138 3699 1166 3752 in
1179 3699 1321 3752 sententiis

206 3796 267 3834 cum
279 3779 438 3834 carminibus
450 3781 536 3830 Σ-Ω
548 3781 587 3835 ita
598 3783 751 3850 cohaerere,
770 3789 800 3838 ut
811 3785 898 3839 omnia
910 3801 944 3840 ea
956 3791 1045 3840 aetate
1057 3786 1176 3853 proxime
1190 3783 1320 3839 accedere

207 3865 375 3920 statuendum
393 3865 434 3920 sit.
463 3867 619 3936 Rhapsodia
635 3871 665 3916 K
679 3868 785 3936 dempto.
802 3869 902 3924 nullam
920 3869 1039 3924 universi
1058 3871 1209 3938 argumenti
1227 3868 1322 3922 Iliadis

206 3953 329 4008 lacunam
339 3958 509 4019 perspectum
521 3953 555 4006 iri
566 3953 618 4006 iam
630 3953 715 4006 critici
727 3953 902 4008 Alexandrini
914 3955 1045 4010 viderunt.

274 4034 608 4105 καταδημοβορῆσαι
626 4045 668 4094 est
684 4031 734 4090 απ.
748 4039 798 4108 εἰρ.
809 4039 838 4088 Σ
847 4039 906 4107 301,
918 4039 1026 4095 ductum
1039 4041 1072 4096 ab
1088 4040 1216 4095 adiectivo
1234 4039 1321 4108 δημο-

205 4119 296 4191 βόρος,
308 4121 379 4190 quod
391 4122 473 4176 semel
485 4123 584 4192 legitur
595 4129 623 4174 A
634 4125 684 4180 231
698 4119 856 4194 δημοβόρος
866 4119 1003 4190 βασιλεύς.

275 4208 419 4274 Quaeritur
434 4208 494 4274 iam,
513 4214 601 4262 utrum
620 4209 729 4265 verbum
746 4214 858 4262 κτανεῖν
874 4212 1043 4266 statuendum
1057 4212 1093 4266 sit
1105 4226 1203 4264 annon.
1227 4211 1253 4260 Σ
1270 4209 1322 4263 399

207 4293 276 4348 σαῖσι
288 4294 332 4348 hie
347 4307 441 4348 versus
458 4299 512 4349 est:
537 4289 776 4363 ξανόςἘνσάλιος,
794 4300 843 4347 καί
860 4314 886 4349 τε
905 4299 1055 4348 κτανέοντα
1074 4297 1188 4346 κατέκτα
1201 4294 1321 4350 etvehe·

183 4455 189 4468 ἱ
206 4385 310 4434 menter
320 4377 452 4434 fluctuant
463 4379 543 4446 docti,
561 4384 649 4434 utrum
667 4381 752 4436 forma
769 4379 917 4435 κτανέοντα
931 4383 965 4437 sit
982 4381 1150 4450 participium
1170 4379 1322 4450 praesentis
