3032 4792
672 166 885 230 -14..

221 343 258 386 ⁸1¹
269 331 359 396 futuri.
380 332 627 404 Scholiaepooant
639 331 687 386 τὸν
699 339 815 388 κτείνειν
826 331 1007 406 βουλόμενον,
1019 335 1089 390 unde
1097 343 1218 405 apparet,
1231 338 1335 394 criticos

223 417 417 473 Alexandrinos
430 434 488 474 eam
504 417 615 474 formam
632 420 797 476 intellexisse
812 420 931 475 futurum
947 427 1055 488 praeter
1071 425 1183 476 κτενεῖν.
1220 423 1260 476 Ao
1272 438 1335 478 sane

221 516 256 557 ea
267 500 351 556 forma
362 503 460 572 legitur
471 503 587 558 inlibris
599 504 700 572 aliquot
710 503 813 561 Χ13οὐ
826 509 879 574 μέν
890 524 926 575 με
938 509 1067 572 κτανίεις,
1079 522 1132 575 qua
1138 508 1205 562 nihil
1212 508 1335 574 efficitur,

221 588 347 655 quoniam
359 589 416 644 cod
428 589 738 649 Venethabetarevtar.
756 591 901 647 Praeterea
912 597 988 646 certa
1004 592 1088 646 futuri
1102 595 1204 644 κτανέια
1217 593 1337 662 exempla

221 679 286 726 sunt
298 677 324 723 Z
333 675 384 730 409
397 669 466 742 τάχα
479 669 534 744 γάρ
552 690 583 728 σε
602 678 835 728 κατακτανέουσιν
850 673 953 744 Ἀχαιοὶ
974 683 1002 732 et
1013 678 1037 732 Ξ
1046 679 1096 732 481
1109 674 1178 728 dile
1196 674 1261 728 πολλ’
1283 667 1336 728 ὧδε

223 761 438 812 κατακτενέεσθε
465 761 511 810 καὶ
525 755 619 830 ὔμμες.
657 759 832 827 Quamobrem
848 768 961 828 constat,
979 766 1127 814 κτανέοντα
1145 763 1265 818 futurum
1277 779 1337 818 esse

220 859 311 912 posse.
333 845 365 900 Id
377 861 459 900 unum
471 850 564 911 restat,
576 852 606 898 ut
618 861 785 914 quaeramus,
797 853 859 901 utra
872 847 958 901 forma
968 847 1055 916 aptior
1067 847 1162 902 sithoc
1174 849 1241 912 loco,
1252 850 1336 916 parti-

222 929 322 998 cipium
334 929 485 998 praesentis
497 945 532 984 an
544 929 635 984 futuri.
666 929 725 996 Qua
736 930 764 984 in
775 946 806 986 re
819 932 876 986 sine
888 932 944 986 ulla
961 932 1125 988 dubitatione
1139 931 1257 988 futurum
1268 939 1336 988 tem-

222 1029 273 1082 pus
285 1019 347 1070 ante
359 1014 425 1082 fero,
441 1031 503 1070 uam
515 1015 548 1070 de
560 1031 591 1070 rc
608 1013 699 1070 futura
715 1016 811 1084 agitur.
841 1015 979 1073 Sententia
997 1016 1064 1072 haec
1085 1024 1139 1078 est:
1157 1018 1223 1086 Ego,
1235 1017 1337 1073 Hector

221 1099 317 1167 inquit,
328 1101 469 1166 Achillem,
481 1101 567 1156 virum
578 1099 758 1166 fortissimum,
770 1100 938 1168 noniugiam,
951 1101 998 1156 sed
1004 1101 1108 1156 fortiter
1114 1103 1232 1168 manebo,
1245 1117 1335 1171 quam·

220 1199 302 1252 quam
315 1185 337 1238 is
350 1191 434 1250 certe,
446 1185 543 1241 virtute
555 1185 651 1242 bellica
663 1186 748 1251 ferox,
760 1200 919 1254 persuasum
930 1186 1019 1254 habet,
1038 1203 1068 1242 se
1079 1187 1283 1244 interfecturum
1294 1201 1336 1240 me

223 1283 298 1322 esse:
312 1275 413 1326 atvero
425 1271 563 1327 facile-res
575 1272 655 1326 aliter
666 1271 773 1326 evenire
789 1271 895 1340 poterit,
912 1286 973 1326 nam
986 1272 1089 1326 Marsi
1103 1288 1126 1326 e.
1142 1289 1249 1340 pugnae
1268 1286 1337 1336 sors,

221 1353 320 1418 exitus,
332 1357 476 1412 communis
490 1363 569 1412 cstao
581 1373 664 1426 saepe
675 1356 805 1412 occiditur
816 1356 848 1418 is,
861 1357 907 1423 qui
918 1357 1079 1412 iamhostem
1084 1356 1275 1414 interfecturus
1286 1363 1338 1420 est,

223 1438 264 1491 vel
277 1439 324 1505 qui
336 1443 473 1508 superavit
484 1443 597 1508 hostem,
608 1449 734 1510 ut-paene
747 1457 807 1496 eum
817 1439 970 1496 interficere
982 1441 1076 1509 possit
1095 1440 1194 1496 Contra
1206 1443 1231 1496 si
1243 1445 1339 1493 κτανε-

224 1539 290 1572 οντα
311 1523 422 1580 formam
439 1528 590 1595 praesentis
613 1525 801 1594 intelligimus,
826 1525 959 1580 sententia
979 1525 1130 1594 languidior
1151 1526 1256 1582 videtur
1278 1543 1339 1583 csse

224 1607 313 1673 (Mars
325 1610 404 1664 etiam
415 1611 621 1668 interficientem
632 1611 765 1666 interdum
776 1609 932 1678 interfecit),
945 1627 1007 1666 nam
1015 1613 1248 1680 ¹punctotemporis
1255 1613 1340 1668 victor

221 1693 403 1750 adversarium
415 1695 538 1750 occidere
550 1697 626 1752 solet
656 1695 716 1762 Qua
727 1695 760 1750 dc
776 1709 872 1750 caussa
888 1695 953 1748 mihi
969 1696 1142 1766 improbanda
1160 1697 1339 1752 videturesse

220 1780 521 1836 sententiaButtmanni
547 1797 677 1850 praesens
704 1783 815 1830 κτανεῖν
843 1780 998 1846 statuentis,
1025 1797 1104 1848 quam
1133 1782 1339 1852 comprobarunt

224 1863 383 1930 Κνααρενυε
394 1865 477 1919 Faesi
488 1865 541 1920 alii
566 1865 731 1936 Quamquam
742 1865 822 1920 etiam
835 1861 929 1918 Cicero
941 1870 1045 1933 tempus
1057 1881 1187 1934 praesens
1199 1867 1337 1931 intellexit,

220 1953 288 2002 orat.
302 1949 438 2004 Miloniana
449 1951 491 2017 21,
503 1951 548 2006 56:
572 1951 649 2007 Adde
666 1966 753 2015 casus,
769 1950 837 2006 adde
855 1950 971 2003 incertos
993 1950 1081 2004 exitus
1101 1967 1251 2018 pugnarum
1263 1951 1336 2004 Mar-

222 2037 328 2100 temque
340 2049 510 2101 communem,
521 2035 568 2104 qui
578 2051 661 2106 saepe
668 2036 824 2106 spoliantem
835 2034 888 2090 iam
899 2038 926 2088 et
938 2033 1115 2090 exsultantem
1128 2037 1224 2092 evertit
1237 2043 1264 2092 at
1275 2053 1334 2105 per-

221 2117 290 2170 culit
300 2117 334 2172 ab
346 2119 458 2176 abiecto.

291 2203 329 2254 ἐπ
338 2205 494 2258 ικελαδεῖ
499 2221 515 2256 ν
526 2211 568 2262 est
579 2207 606 2256 Σ
615 2206 666 2262 310
678 2203 726 2257 ἐπὶ
738 2202 770 2256 δὲ
786 2205 875 2271 Τρῶες
887 2198 1044 2266 κελάδησαν
1052 2204 1229 2260 etantanto
1242 2221 1338 2260 seeun-

221 2287 284 2342 dum
296 2289 504 2343 Laobmccoum
516 2296 608 2360 aperte
620 2290 771 2346 recentiore
783 2295 871 2344 aetate
883 2288 1038 2357 composito.
1063 2289 1181 2358 Simplex
1194 2297 1234 2345 est
1249 2294 1278 2340 Ψ
1286 2291 1337 2346 869

222 2369 292 2440 ιέτδιρ
305 2372 460 2439 κελάδησαν
470 2374 573 2445 Ἀχαιοὶ
585 2378 613 2432 si
623 2375 733 2432 verbum
743 2374 949 2430 nativumlh'iss
961 2373 1019 2442 πὰρ
1031 2372 1162 2442 ποταμὸν
1173 2371 1335 2437 κελάδοντα,

222 2462 252 2507 Φ
264 2461 297 2515 16
308 2455 372 2530 ῥόος
383 2452 511 2514 κελάδων
520 2467 550 2518 et
560 2467 577 2528 β
588 2463 639 2518 421
652 2455 794 2513 κελάδοντ’
809 2459 855 2510 ἐπὶ
868 2462 970 2512 οἴνοπα
982 2455 1021 2512 πό
1025 2475 1098 2510 ντον.

291 2541 589 2616 ἀποδειροτομεῖν
608 2553 650 2604 est
673 2549 701 2597 Σ
717 2547 768 2602 336
786 2539 896 2596 δώδεκα
915 2543 946 2597 δὲ
964 2540 1141 2611 προπάροιθε
1158 2545 1246 2612 πυρῆς
1265 2541 1336 2596 ἀπο-

224 2628 420 2700 δειροτομήσω.
437 2633 533 2702 Neque
544 2633 654 2690 verbum
664 2633 778 2700 simplex
789 2646 839 2686 nec
853 2631 1026 2700 compositum
1037 2630 1135 2698 legitur
1146 2631 1174 2684 in
1186 2631 1337 2700 rhapsodiis

224 2720 315 2778 A-P,
327 2717 374 2772 sed
385 2721 412 2766 Φ
423 2718 457 2772 89
470 2713 502 2768 σὺ
516 2712 631 2786 δι’όμιγω
644 2710 857 2787 δειροτομήσεις,
869 2717 920 2772 555
931 2717 978 2766 καὶ
990 2710 1128 2766 ἀνάλκιδα
1141 2711 1336 2784 δειροτομήσει,

227 2805 256 2850 Ψ
265 2801 315 2857 174
332 2797 382 2853 δύο
405 2797 611 2871 δειροτομήσας,
628 2821 650 2872 χ
666 2802 717 2860 349
734 2802 770 2868 nn
786 2797 826 2870 μή
842 2819 878 2872 με
901 2803 1002 2854 λιλαίεο
1021 2800 1224 2868 δειροτομῆσαι,
1248 2801 1338 2870 hymn.

224 2888 308 2942 Mene.
320 2888 372 2942 405
383 2888 443 2946 πῶς
455 2882 504 2940 ἔδ
490 2905 587 2939 υνω
600 2883 634 2939 δ
620 2907 656 2940 om
674 2884 722 2954 βόε
740 2887 934 2956 δειροτομῆσαι
946 2893 973 2942 et
984 2886 1094 2942 verbum
1111 2886 1285 2954 compositum
1297 2891 1338 2940 est

226 2971 306 3038 11122,
318 2971 364 3026 ubi
375 2972 445 3028 idem
455 2973 514 3030 fere
525 2990 619 3030 versus
631 2980 681 3040 est,
692 2990 738 3042 qur
731 2973 946 3042 legiturzsse
959 2977 986 3028 at
998 2975 1012 3020 λ
1024 2967 1100 3026 35
1072 2988 1104 3022 τα
1119 2970 1151 3022 δὲ
1139 2972 1234 3040 spele
1247 2967 1338 3035 λαβὼν

224 3053 474 3128 ιιπεδειροτόμησα.

292 3163 308 3192 ιι
315 3148 404 3211 γινεῖ
410 3161 427 3194 ν
438 3145 556 3213 legitur
547 3161 576 3200 ln
588 3145 658 3199 senti
668 3145 784 3200 Achillei
795 3144 973 3214 descriptione
985 3143 1067 3198 Σ493
1080 3137 1217 3208 ηγίνεον’
1203 3137 1256 3192 ανιι
1269 3137 1339 3192 άστυ

222 3244 262 3282 sc.
278 3223 398 3300 νύμφας.
425 3229 501 3298 Quod
512 3229 623 3284 verbum
634 3247 766 3302 nusquam
777 3237 819 3288 est
830 3232 858 3289 in
869 3230 945 3286 libris
957 3233 1046 3295 Α-Ρ,
1063 3227 1145 3284 semel
1156 3232 1299 3296 praeterea
1310 3229 1338 3285 in

224 3315 316 3382 Iliade,
328 3317 355 3366 Ω
367 3316 417 3372 784
430 3309 503 3384 τοὶγε
516 3313 628 3382 ἀγίνεον
638 3312 760 3368 ι’ίσπετον
774 3311 847 3382 ὕλην,
860 3315 906 3371 ubi
918 3313 1052 3384 signifieat
1063 3319 1214 3381 apportare,
1228 3313 1335 3382 saepius

222 3400 251 3454 in
264 3400 385 3471 Odyssea
395 3403 410 3461 ξ
422 3403 480 3468 105,
494 3421 509 3452 υ
521 3403 580 3468 213,
587 3421 610 3472 χ
622 3403 679 3456 198.
703 3403 801 3457 Forma
813 3401 936 3456 iteratim
948 3406 990 3455 est
1002 3417 1017 3468 ρ
1030 3399 1081 3454 204
1094 3395 1143 3450 τὸν
1157 3396 1188 3448 δὲ
1200 3393 1339 3464 πάροιθεν
1407 3409 1411 3414 “

224 3489 372 3554 αγίνεσκον
384 3491 440 3540 νέοι
452 3483 559 3557 ἄνδρες.
590 3487 692 3554 Quater
702 3493 809 3556 praeter
825 3488 875 3542 hos
891 3487 964 3542 locos
982 3486 1009 3540 id
1026 3484 1136 3540 verbum
1147 3488 1189 3538 est
1200 3483 1230 3536 in
1242 3484 1340 3554 hymno

224 3571 313 3642 Apoll.
324 3573 401 3645 Pyth.
415 3568 511 3626 ἐνθάδ’
526 3568 689 3641 ἀγινήσουσι
702 3567 843 3638 τελήεσσας
856 3567 1008 3642 ἑκατόμβας
1019 3595 1054 3613 =
1066 3570 1106 3622 71.
1118 3568 1159 3622 82.
1173 3569 1229 3622 111.
1246 3569 1303 3622 188,

292 3658 475 3726 ἐλαστρεῖν
497 3658 604 3715 semel
596 3675 625 3714 1n
641 3659 751 3713 Homeri
774 3657 935 3712 carminibus
952 3657 1051 3726 legitur
1075 3655 1103 3704 Σ
1115 3653 1168 3708 543
1194 3646 1341 3721 ἐλάστρεον

119 3737 121 3744 ’
225 3743 294 3795 ἔνθα
307 3743 396 3794 unt*
365 3761 396 3796 εν
398 3749 434 3795 ,να
436 3760 537 3814 ,saepe
548 3744 620 3814 apud
631 3742 811 3810 Theognidem
823 3742 987 3798 Herodotum
1000 3739 1159 3807 Euripidem
1171 3738 1247 3793 alios.

293 3825 452 3882 ὑλακτεῖν
476 3847 526 3887 ιιπ.
551 3833 601 3896 ελρ
617 3831 645 3880 Σ
660 3829 712 3884 586
729 3821 873 3895 ἱστάμενοι
893 3828 924 3879 δὲ
940 3822 1003 3896 μαλ’
1025 3821 1108 3892 ἐγγυς
1133 3818 1273 3876 ὑλάκτεον
1309 3822 1343 3876 In

221 3916 346 3985 Odyssea
357 3921 434 3970 estv.
448 3916 481 3971 13
493 3913 593 3983 κραδίη
606 3913 640 3966 δέ
650 3933 676 3966 οι
669 3913 772 3966 “ἔνδον
784 3907 902 3976 ὑλάκτει,
916 3875 982 3968 10
961 3931 1024 3981 ως(
1021 3911 1048 3960 λα
1066 3911 1115 3963 τοῦ
1135 3909 1220 3964 ἔνδον
1233 3904 1341 3960 ὑλάκτει

226 4001 318 4070 (quidi
329 4017 383 4058 non
395 3999 504 4070 dicitur)
517 3997 689 4070 ἀγαιομένου
701 3995 773 4048 κακὰ
793 3997 870 4067 ἔργα.
901 3997 983 4052 Haud
997 4013 1059 4052 raro
1077 3998 1106 4054 in
1117 3997 1238 4068 Odyssea
1258 3993 1341 4047 etiam

222 4092 266 4142 est
279 4081 352 4138 υλαω
365 4093 393 4142 et
405 4081 534 4156 υλιιοιιαι
547 4087 606 4142 τι5.
618 4087 644 4140 9
657 4085 716 4141 162.
728 4085 798 4140 υ15.
821 4083 923 4138 Nomen
937 4077 1060 4153 υλαγμος
1071 4089 1114 4139 est
1125 4101 1175 4134 απ
1190 4083 1236 4150 sip.
1250 4080 1342 4136 ‹reti›

224 4168 403 4242 υλακόμιορος
414 4179 458 4228 est
469 4175 483 4232 ξ
494 4174 528 4230 29
540 4179 568 4230 et
579 4190 600 4224 π
613 4173 638 4236 4,
650 4172 697 4226 ubi
708 4165 787 4230 κύνες
799 4159 975 4236 ὑλακόμωροι
986 4169 1164 4238 appellantur.

295 4269 335 4324 τρε
344 4262 455 4312 υστεῖν
466 4258 605 4328 quaeritur
615 4257 749 4314 habeatne
760 4258 847 4312 locum
857 4255 937 4309 T10't
947 4249 1107 4320 ψευστήσεις
1119 4248 1178 4305 οὐδ’
1193 4269 1257 4304 core
1270 4253 1344 4310 τέλος

224 4340 308 4414 μύθῳ
333 4341 480 4411 ἐπιθήσεις.
506 4335 667 4412 ψευστήσεις
699 4342 815 4398 exhibet.
833 4341 888 4396 cod.
911 4341 977 4396 Vem
1002 4346 1030 4395 et
1053 4339 1135 4396 schol.
1152 4343 1177 4390 B
1198 4339 1342 4408 explicant:
