3032 4792
664 161 875 222 -ιι,

213 333 352 400 ingressus
358 333 455 400 aliquis
461 330 763 386 dilucidedemonstrare
770 329 862 396 possit,
869 328 950 382 libros
958 326 1043 378 Σ-Ω
1050 327 1142 394 utique
1154 332 1215 393 pest
1223 328 1329 378 ceteros

215 419 372 484 compositos
385 433 456 472 esse:
471 418 583 486 primum
595 413 743 478 indicando,
756 429 808 481 quo
815 412 1079 482 modoloprermulti
1086 411 1190 464 illorum
1197 409 1326 463 librorum

212 517 249 554 ex
261 502 303 555 his
316 509 363 556 ant
374 502 516 556 imitatione
529 500 651 568 expressi
675 505 722 552 aut
737 499 834 564 integri
852 497 984 566 desumpti
996 499 1056 551 sint.
1087 495 1162 562 Oriod
1175 493 1324 562 significavi

214 587 266 638 iam
278 601 360 654 supra
372 587 498 653 exemplis
511 585 653 650 nonnullis,
670 584 752 639 multo
770 584 849 651 plura
866 581 939 635 facili
958 582 1063 650 negotio
1081 581 1179 634 addere
1198 585 1325 648 poteram.

214 671 271 724 Hoc
283 672 341 724 loco
353 671 380 724 id
399 687 481 724 unum
498 669 601 735 addam,
621 669 698 724 valde
716 671 811 722 mirum
827 667 891 722 mihi
910 667 1002 732 videri,
1025 667 1095 736 quod
1110 670 1137 716 X
1148 665 1199 720 355
1212 680 1261 732 sq,
1283 662 1329 716 ubi

212 755 373 810 describitur
385 755 510 808 Hectoris
522 770 601 820 mors,
623 754 703 822 plane
725 754 811 808 eidem
831 768 925 807 versus
947 757 1115 822 repetuntur,
1138 751 1184 820 qui
1204 753 1284 802 antea
1296 747 1329 802 de

212 840 329 894 Patrocli
340 847 424 894 morte
437 840 500 893 dicti
513 845 586 892 saint:
612 843 639 888 X
651 838 787 893 ser-364
798 863 833 880 =
845 840 872 886 Il
885 837 1031 902 sse-858,
1049 841 1190 904 praeterea
1204 837 1232 884 X
1243 833 1329 888 365-

211 925 263 980 366
274 949 308 967 =
320 928 348 975 Σ
357 924 499 979 115-116.
519 923 596 978 Unde
614 924 641 977 id
653 929 773 992 apparet,
785 929 878 991 poetas
891 923 1056 992 posteriores
1068 921 1101 975 dc
1113 919 1245 974 industria
1256 920 1329 972 locos

211 1009 367 1078 superiores
380 1010 532 1077 respexisse
545 1014 573 1062 et
584 1009 700 1062 imitatos
713 1023 781 1062 esse.
799 1010 925 1062 Attamen
936 1023 998 1062 cunr
1011 1007 1061 1060 Ιιιι,
1075 1005 1218 1058 Battarac
1229 1005 1258 1057 in
1270 1002 1327 1058 cdi·

211 1093 286 1150 tioue
299 1093 390 1147 Iliadis
411 1095 530 1149 secunda
545 1100 671 1148 accurate
684 1108 730 1148 eos
747 1094 819 1147 locos
837 1093 1014 1158 annotaverit,
1032 1092 1078 1160 qui
1094 1092 1161 1144 alios
1181 1089 1328 1143 carminum

208 1180 380 1248 superiorum
392 1179 464 1233 locos
476 1184 605 1247 spectent,
618 1194 676 1233 eam
694 1195 750 1234 rem
762 1179 842 1234 altius
854 1183 977 1246 repetere
991 1191 1218 1245 supervacaneum
1228 1179 1275 1228 est

282 1264 366 1330 Quam
378 1263 411 1318 ob
423 1279 480 1316 rem
492 1263 604 1316 alteram
615 1264 683 1317 viam
703 1263 790 1318 iniens
809 1263 1005 1328 demonstrabo,
1023 1277 1092 1329 quae
1110 1261 1139 1314 in
1160 1275 1282 1314 sermone
1300 1263 1329 1311 et

211 1350 331 1404 oratione
348 1347 475 1401 librorum
492 1363 591 1413 eorum,
609 1364 675 1416 quos
697 1347 759 1402 Car.
774 1348 968 1401 Lactmaanas
987 1363 1094 1401 carmen
1111 1345 1204 1398 Iliadis
1224 1348 1328 1398 sextum

209 1434 342 1488 decimum
359 1448 419 1487 esse
436 1432 526 1498 voluit,
550 1439 646 1488 novata
664 1434 725 1488 siut
756 1434 880 1488 Carmina
895 1437 924 1482 Ψ
933 1439 961 1488 et
972 1433 999 1484 Ω
1023 1432 1107 1495 mitto,
1132 1430 1258 1498 quoniam
1275 1445 1328 1482 nou

209 1524 269 1572 arte
282 1518 427 1572 cohaerent
439 1517 572 1584 cumillis,
593 1518 772 1586 respiciantur
792 1525 889 1585 tamen,
910 1519 957 1573 nbi
974 1533 1086 1584 cumque
1098 1517 1125 1569 id
1144 1514 1326 1568 necessarium

214 1603 270 1658 erit.
307 1601 464 1657 Universam
476 1608 564 1656 autem
575 1603 713 1656 materiam
725 1603 763 1657 ita
776 1605 922 1672 disponam,
940 1610 971 1657 ut
987 1602 1101 1671 primum
1113 1599 1243 1652 vocabula
1255 1597 1325 1652 deri-

211 1693 271 1741 vata
284 1685 651 1754 quae'vocanturenumerem.
670 1689 759 1756 Atque
767 1705 827 1744 cum
834 1686 1053 1757 magnimomeuti
1060 1683 1178 1748 sitscire,
1192 1683 1326 1738 fuerintne

211 1772 392 1837 eavocabula,
414 1788 482 1840 quae
495 1772 782 1841 absuntarhapsodiIs
795 1778 886 1840 Α-Ρ,
908 1775 934 1826 in
955 1790 1006 1828 usu
1026 1771 1175 1841 posteriore
1196 1775 1326 1836 tempore,

210 1856 304 1910 addam
317 1872 363 1910 ecs
381 1857 454 1910 locos
468 1856 613 1925 Odysseae,
634 1857 798 1925 hymnorum,
812 1859 921 1914 Hesiodi
939 1857 1093 1921 carminum,
1115 1856 1212 1926 quibus
1234 1855 1326 1915 eadem

208 1942 338 1996 uocabula
350 1948 419 1996 sunt
455 1941 499 1996 Sic
511 1943 581 1996 euim
600 1941 775 1996 ratiocinatus
795 1958 861 2008 sum,
883 1943 955 1998 haud
967 1945 1024 1998 veri
1042 1942 1127 1996 simile
1139 1956 1210 2004 esse,
1231 1947 1325 2008 poetas

208 2026 302 2093 epicos
312 2026 395 2080 multo
406 2027 569 2082 recentiores
587 2027 715 2094 imprimis
733 2028 848 2083 imitatos
869 2045 929 2083 esse
948 2031 990 2084 vel
1009 2033 1071 2082 ante
1090 2027 1181 2082 oculos
1198 2025 1324 2080 habuisse

211 2109 293 2162 multo
311 2111 483 2180 antiquiores,
504 2111 617 2166 seduno
635 2112 712 2180 quasi
730 2117 822 2168 tenore
833 2119 926 2181 poetas
941 2114 1096 2182 respexisse
1109 2127 1155 2167 eos
1167 2113 1325 2180 praecipue,

212 2194 255 2260 qui
266 2196 385 2262 proxime
397 2200 485 2250 aetate
497 2197 714 2252 antecessissent.

275 2279 396 2334 Deeinde
408 2280 508 2334 rariors
520 2281 622 2348 aliquot
633 2281 732 2336 formas
749 2283 883 2336 nominum
896 2289 922 2336 ct
940 2283 1080 2336 verborum
1098 2281 1220 2335 tractabo
1232 2287 1259 2336 et
1272 2297 1318 2335 eas

208 2379 295 2429 seces,
308 2380 421 2432 quarum
432 2365 472 2418 vis
483 2364 512 2418 in
523 2364 598 2419 librIs
609 2367 750 2434 postremis
761 2373 862 2421 mumta
874 2374 922 2422 est.

272 2450 413 2504 Postremo
425 2449 790 2521 discrepantiaepithetorum
802 2458 1007 2520 quaererentur
1014 2452 1041 2506 in
1048 2458 1193 2522 conspectu
1202 2456 1317 2520 ponetur

271 2534 338 2588 Oum
348 2551 412 2588 vero
423 2535 451 2588 in
464 2536 521 2590 eius
533 2536 610 2591 modo
621 2537 701 2591 rebus
719 2536 843 2592 brevitati
860 2537 1017 2592 studendum
1035 2536 1079 2601 sit,
1096 2552 1129 2590 ne
1150 2537 1253 2604 longina
1267 2553 1313 2590 ex·

200 2618 330 2672 tendatur
342 2622 534 2686 commentatio,
546 2621 663 2678 breviter
674 2621 708 2678 de
721 2622 835 2690 singtdis
848 2622 984 2678 vocabulis
1009 2637 1086 2689 agam
1098 2629 1125 2675 et
1138 2621 1212 2690 siglis
1225 2623 1315 2690 aliquo

198 2719 273 2772 quae
286 2710 381 2758 vocant
392 2711 460 2760 utar.

434 2845 460 2910 1.
483 2843 592 2908 Verba
607 2844 758 2910 derivata
775 2847 966 2910 carminum
984 2845 1095 2905 Σ-Χ.

271 2961 303 3012 In
314 2958 390 3024 libro,
414 2976 492 3027 quem
504 2976 587 3030 supra
605 2962 813 3016 commemoravi.
827 2979 852 3030 p.
866 2963 914 3016 119
930 2963 1117 3016 Nratzborniae
1135 2968 1243 3032 praeter
1255 2962 1320 3016 alias

204 3058 249 3098 res
260 3043 401 3098 verborum
413 3061 519 3112 quoque
530 3045 713 3101 formationem
726 3050 819 3100 statuit
831 3063 923 3101 ansam
935 3064 987 3102 non
999 3048 1136 3118 praebere,
1149 3066 1201 3116 qua
1214 3048 1320 3102 demon·

204 3129 284 3182 strari
295 3128 389 3197 possit,
410 3130 477 3184 alias
490 3130 550 3184 aliis
570 3135 662 3199 partes
675 3131 767 3186 Iliadis
788 3133 954 3188 recentiores
974 3149 1041 3188 esse.
1077 3133 1119 3187 Ne
1131 3133 1159 3186 in
1177 3137 1321 3187 extremam

201 3213 309 3282 quidem
322 3212 459 3282 Odysseae
478 3220 581 3280 partem
598 3215 665 3270 haec
686 3217 784 3282 valere,
805 3233 902 3286 quaea
920 3219 1010 3274 multis
1034 3225 1161 3287 suspecta
1180 3219 1318 3272 habeatur.

203 3297 312 3352 Nullum
325 3313 384 3351 esse
397 3297 563 3364 uocabulum,
576 3299 646 3366 quod
655 3299 812 3356 formatione
822 3304 881 3372 ipsa
892 3312 954 3374 pest
965 3307 1111 3359 carminum
1118 3305 1320 3358 Homericorum

203 3387 317 3436 aetatem
334 3389 420 3436 ortum
439 3398 499 3438 esse
522 3383 629 3452 probari
652 3385 745 3452 possit
777 3387 826 3441 Oui
843 3390 991 3444 sententiae
1009 3408 1062 3446 non
1081 3390 1220 3444 assenbor.
1251 3389 1319 3444 Nam

203 3466 283 3520 facile
295 3466 490 3521 demonstratur
501 3469 528 3521 in
536 3469 735 3526 carminibusue
748 3472 844 3539 quibus
851 3475 962 3541 agimus,
975 3475 1179 3543 studIcquodam
1189 3481 1218 3528 et
1230 3490 1319 3529 amore

203 3550 331 3604 vocabula
342 3567 410 3605 noca
421 3553 494 3606 facta
506 3568 575 3618 esse,
592 3570 660 3620 quae
673 3571 689 3609 a
710 3558 807 3612 ceteris
826 3557 915 3612 aliena
933 3559 993 3613 sint
1023 3562 1112 3628 Atque
1125 3575 1170 3612 ree
1182 3577 1234 3613 nou
1246 3560 1273 3612 in
1286 3575 1318 3615 eo

203 3641 334 3701 versatur,
358 3642 388 3690 ut
409 3637 545 3703 doceatur,
568 3640 758 3694 vocabulorum
781 3641 965 3698 formationem
988 3661 1082 3699 noram
1106 3645 1183 3713 quasi
1201 3645 1317 3714 etplane

203 3721 283 3776 aliam
295 3735 356 3776 esse
367 3721 396 3774 in
408 3722 570 3778 carminibus
582 3725 678 3790 Σ-Ω,
691 3726 738 3780 sed
751 3726 921 3784 formationes
934 3729 1062 3796 quasdam
1074 3731 1101 3782 in
1115 3731 1154 3784 eis
1166 3732 1249 3797 magis
1262 3747 1316 3784 ma·

203 3806 297 3876 gisque
309 3807 495 3862 increbruisse.
527 3807 579 3873 Sic,
591 3815 621 3862 ut
633 3812 753 3879 exemplo
765 3813 896 3868 illustrem
908 3830 967 3868 eam
979 3831 1043 3880 rem,
1063 3815 1175 3869 verbum
1188 3812 1315 3879 lividitas,

201 3893 350 3946 derivatum
361 3906 378 3944 a
390 3907 453 3946 voce
466 3888 540 3958 ἀνία,
551 3894 656 3961 planca
666 3896 801 3963 prioribus
812 3898 888 3953 libris
897 3900 1013 3954 alienum
1022 3908 1072 3967 est,
1082 3903 1317 3969 sedlegiturEOOO

204 3973 234 4035 ὃς
253 3970 411 4027 κτεάτεσσιν
434 3972 611 4046 ὑπερφιάλως
628 3976 739 4046 ἀνιάζει,
758 3985 785 4031 Φ
803 3983 854 4037 270
872 3986 953 4054 θυμῷ
971 3980 1099 4051 ἀνιάζων,
1120 3991 1148 4035 Ψ
1158 3987 1207 4040 721
1225 3982 1269 4039 ὅτε
1282 3985 1317 4051 δή

204 4059 226 4129 ῥ’
241 4059 354 4122 ἀνίαζον
366 4057 535 4132 ἐϋκνήμιδας
544 4060 676 4131 Ἀχαιούς.
695 4065 767 4120 Satis
780 4067 907 4137 frequens
919 4076 961 4126 cst
973 4072 1000 4126 in
1014 4071 1144 4142 Odyssea,
1157 4073 1175 4124 d
1186 4075 1243 4128 460.
1257 4074 1315 4128 598.

200 4165 218 4199 o
231 4150 289 4204 335.
302 4167 315 4198 τ
327 4149 386 4203 323.
395 4167 417 4215 χ
427 4149 461 4203 87
475 4150 557 4218 θυμῷ
570 4145 691 4212 ἀνιάζων
703 4157 732 4205 ut
744 4155 771 4201 Φ
783 4153 840 4208 ato.
873 4153 930 4222 Quo
946 4157 1067 4226 exemplo
1081 4165 1153 4212 certe
1175 4159 1315 4226 colligitur.

202 4234 310 4288 uerbum
323 4229 444 4294 ἀνιάζειν
454 4242 516 4305 post
527 4236 645 4290 carmina
657 4241 1081 4308 A—I’compcsitainerebruisse.
1102 4245 1177 4308 Quod
1190 4245 1212 4298 si
1226 4261 1315 4299 omnes

181 4317 294 4372 ,Iliadis
305 4319 465 4388 rhapsodias
479 4319 571 4374 eodem
588 4321 646 4375 fere
667 4325 785 4391 tempore
807 4326 967 4394 compositae
991 4334 1088 4392 essent,
1113 4345 1201 4384 nonne
1222 4332 1316 4386 mirum
