3032 4792
686 162 878 230 ..5-

222 343 272 398 liat
290 339 418 395 namatio.
448 338 572 394 Carmina
583 339 648 394 Zet
662 339 688 388 T
704 351 767 392 vero
787 336 965 405 negligentiae
982 336 1010 390 in
1030 335 1163 392 narrando
1183 335 1339 390 commissae

223 427 299 485 valde
316 425 454 482 luculenta
471 425 593 495 exempla
610 425 749 494 praebere,
767 425 841 480 velut
851 425 929 490 232,
953 424 999 479 nbi
1019 440 1072 480 non
1089 427 1222 487 narretur,
1244 437 1297 492 quo
1308 437 1339 477 se

224 513 347 574 conferat
357 512 461 577 Thetis,
471 517 612 581 postquam
623 509 742 566 Patrocli
754 525 851 579 corpus
863 526 881 564 a
891 511 1033 579 putredine
1045 509 1196 566 defenderit
1206 507 1339 562 ambrosia

224 608 252 658 et
262 604 371 656 necare
381 596 478 652 infuso.
490 595 581 652 Minus
587 601 678 665 aptum
690 611 750 652 esse
762 597 967 662 versum2314,
980 596 1050 666 quod
1058 613 1111 650 non
1123 599 1340 651 commemoretur

223 687 353 742 Troianos
365 687 426 754 post
438 698 532 739 cenam
543 682 661 738 cubitum
673 683 754 738 ivisse
766 687 794 738 et
811 683 883 752 quod
893 699 990 752 parum
1001 683 1058 737 veri
1069 682 1153 736 simile
1166 680 1208 745 sit,
1220 681 1339 734 Achivos

223 789 314 834 omnes
326 776 469 842 pertotam
485 775 590 824 noctem
601 769 753 824 Patroclum
777 769 934 824 lamentatos
955 783 1025 833 esse,
1046 767 1145 838 quippe
1166 767 1236 836 quod
1256 765 1340 820 fuerit

224 860 420 932 Myrmidonum
430 871 518 923 neque
530 869 593 910 vero
604 855 767 910 Achivorum
784 855 907 910 omnium.
938 853 1062 908 Carmina
1079 853 1182 907 minora
1201 852 1276 906 initio
1287 867 1341 906 non

224 947 366 1003 semuncta
377 959 438 998 cum
449 941 567 998 universi
579 941 704 996 carminis
721 941 908 1010 perpetuitate,
925 955 986 996 ease
1004 940 1074 994 scuti
1085 938 1202 994 Achillei
1220 937 1340 1006 descrip-

223 1033 321 1090 donem
333 1037 361 1086 et
372 1025 488 1099 μήνιδος
499 1022 664 1096 indaginem.
1171 1018 1173 1022 ’

290 1117 359 1174 Nolo
370 1121 459 1171 umen
469 1129 560 1169 omnes
571 1114 707 1168 hominnm
718 1112 854 1168 doctorum
873 1113 1020 1168 sententias
1032 1113 1060 1166 in
1072 1117 1219 1182 conspectu
1230 1127 1340 1180 ponere,

225 1205 342 1276 quicum
354 1201 533 1254 Luebmcnuo
545 1200 721 1255 consentiunt.
740 1199 860 1254 Transeo
871 1199 924 1252 iam
935 1199 969 1253 ad
981 1213 1027 1252 ens
1037 1199 1137 1264 doctos,
1150 1199 1196 1267 qui
1208 1198 1233 1254 ei
1244 1197 1339 1251 adrer-

225 1296 325 1348 santur.
344 1287 463 1356 Quorum
474 1291 505 1340 ut
517 1290 597 1339 antea
609 1285 854 1354 praestantissimos
867 1285 937 1339 viros
951 1299 1155 1340 commemorare
1168 1284 1233 1338 eatis
1244 1283 1337 1338 habeo.

224 1377 260 1432 Ei
271 1375 391 1445 proiecto
413 1372 503 1426 studio
515 1377 542 1426 et
558 1371 707 1426 constantia
725 1385 827 1426 summa
847 1370 1007 1426 contendere
1026 1375 1166 1440 coguntur,
1183 1369 1342 1438 rhapsodias

224 1468 372 1533 postremas
393 1464 495 1527 septem
516 1457 672 1512 cameratas
689 1473 749 1518 esse
770 1472 831 1512 cum
849 1473 912 1512 vero
932 1461 1026 1526 poetae
1047 1457 1166 1522 oonsilio,
1190 1456 1236 1524 qui
1248 1454 1342 1509 iliadis

225 1547 384 1618 rhapsodias
397 1559 487 1599 omnes
499 1542 534 1597 ab
542 1553 598 1596 'uno
610 1547 689 1611 poeta
700 1544 859 1612 compositas
872 1558 933 1598 esse
945 1543 1024 1598 etiam
1035 1557 1107 1596 nuno
1119 1542 1268 1610 opinantur.
1282 1539 1341 1608 Quo

225 1636 253 1690 in
265 1649 378 1690 numero
391 1636 454 1688 sunt
464 1628 620 1684 Nitzschius
632 1623 860 1697 Naegelsbachius
871 1629 1071 1685 Baeumleinius
1084 1628 1177 1691 etalii,
1196 1627 1342 1698 praecipue

225 1729 287 1768 rere
304 1713 424 1770 homines
440 1715 511 1770 docti
528 1715 691 1770 Britanniae.
728 1714 930 1768 Nitaaebius
946 1715 975 1768 in
990 1731 1022 1770 eo
1041 1714 1155 1770 maxime
1184 1713 1268 1778 libro,
1296 1712 1343 1782 qui

225 1799 399 1855 inscribitur:
422 1800 474 1856 Die
495 1797 675 1871 Sagenpoesie
694 1801 742 1856 der
755 1801 903 1866 Griechen,
924 1800 1039 1855 kritisch
1061 1799 1226 1868 dargestellt‚
1248 1804 1343 1869 aperte

225 1885 297 1950 dicit,
308 1892 392 1942 totam
404 1886 577 1941 Lachmanna'
588 1888 770 1955 quaestionem
781 1887 814 1942 de
829 1886 912 1942 lliade
931 1886 1080 1940 institutam
1091 1886 1203 1942 immane
1216 1892 1360 1956 quantum·

225 1988 242 2026 a
259 1989 324 2027 vero
341 1973 474 2028 aberrare.
512 1973 617 2029 Deinde
628 1989 653 2041 p.
666 1972 718 2028 265
730 1987 785 2042 sqq.
810 1973 895 2040 docet,
913 1972 1033 2029 eiusdem
1048 1971 1200 2041 argumenti
1219 1971 1340 2028 universi

225 2059 331 2112 vinculo
351 2061 482 2115 contineri
502 2059 661 2128 rhapsodias
681 2074 781 2123 omnes,
804 2075 851 2115 eas
872 2075 986 2129 quoque,
1011 2073 1080 2128 quae
1100 2057 1133 2112 de
1145 2057 1251 2114 Achille
1263 2057 1342 2112 amici

225 2149 335 2200 mortem
359 2144 500 2201 ulciscenti
520 2149 609 2214 agant.
638 2145 680 2201 Ne
704 2147 821 2202 carmina
836 2150 865 2196 Ψ
879 2153 906 2201 et
918 2147 945 2196 Ω
963 2145 1069 2215 quidem
1087 2143 1121 2198 ab
1138 2160 1170 2198 eo
1187 2147 1344 2211 argumento

226 2229 341 2298 disiungi
359 2245 448 2298 posse,
473 2231 552 2286 immo
570 2231 647 2286 ludos
665 2231 792 2288 funebres
811 2236 838 2287 et
858 2233 1066 2301 redemptionem
1086 2227 1206 2299 corporis
1217 2225 1343 2282 Hectoris

226 2317 405 2371 necessariam
424 2331 484 2371 esse
502 2317 537 2370 ad
554 2331 662 2372 carmen
677 2322 740 2385 apte
757 2315 903 2371 finiendum
920 2324 1000 2386 atque
1018 2332 1052 2372 ne
1071 2319 1219 2385 postremas
1236 2311 1344 2382 quidem

226 2401 292 2458 duas
304 2401 462 2470 rhapsodias
475 2402 617 2472 quicquam
626 2403 736 2472 habere,
749 2419 802 2472 quo
808 2403 941 2458 recentior
946 2408 1021 2458 aetas
1027 2401 1170 2458 manifesto
1176 2399 1343 2456 declaretur:

227 2502 306 2556 qnam
324 2487 435 2542 eandem
453 2490 612 2544 sententiam
627 2489 720 2544 statuit
743 2489 901 2542 ladovicus
923 2487 1237 2542 Friedluenderua
1266 2484 1294 2539 in
1312 2500 1344 2539 eo

225 2573 301 2638 libro,
314 2589 366 2642 quo
376 2573 515 2629 historiam
527 2576 673 2630 carminum
683 2575 884 2631 Homericorum
904 2575 1024 2629 criticam
1042 2574 1104 2630 inde
1115 2591 1132 2630 a
1142 2573 1175 2629 F.
1188 2572 1225 2628 A.
1244 2569 1343 2635 WOWO

226 2673 312 2728 nsque
329 2659 364 2714 ad
377 2659 499 2714 Grotium
516 2661 656 2716 enarravit.
682 2661 734 2728 Qui
749 2662 871 2717 addictus
890 2661 937 2727 eis,
957 2676 1026 2730 quae
1042 2661 1152 2716 Grotius
1170 2660 1199 2714 in
1217 2657 1287 2712 libro
1306 2657 1340 2712 de

226 2743 308 2799 rebus
321 2744 486 2800 Graecorum
497 2747 597 2816 scripto
609 2747 642 2803 de
655 2749 757 2816 origine
769 2747 915 2802 carminum
927 2747 1129 2802 Homericorum
1142 2744 1243 2807 statuit,
1257 2760 1272 2798 e
1285 2757 1342 2798 ser-

227 2831 311 2884 monis
324 2830 527 2898 rhapsodiarum
538 2838 733 2901 postremarum
745 2833 900 2888 condicione
924 2833 992 2888 certi
1014 2831 1157 2900 quicquam
1176 2828 1251 2886 effici
1263 2844 1343 2898 posse

227 2915 327 2984 liquido
339 2917 452 2986 negarit.
481 2917 551 2974 Esse
564 2933 628 2975 sane
640 2919 793 2974 discrimina
810 2917 941 2988 quaedam
960 2916 1089 2973 sermonis
1101 2921 1129 2972 et
1140 2916 1276 2981 orationis,
1296 2913 1344 2970 sed

227 3001 296 3056 levia
306 3007 416 3070 motum,
429 3008 457 3060 et
472 3004 538 3060 locis
550 3005 644 3074 paucis
650 3005 770 3074 exceptis
775 3004 893 3060 carmina
898 3011 1034 3074 postrema
1043 3003 1189 3058 nonminue
1197 3001 1344 3058 venustatis

227 3094 255 3144 et
274 3089 422 3158 elegantiae
435 3091 536 3146 habere
554 3106 633 3160 quam
645 3090 800 3159 superiora,
818 3090 896 3144 immo
909 3093 1120 3158 comparationes
1137 3089 1165 3144 in
1184 3089 1237 3144 illis
1255 3089 1344 3143 messe

226 3175 428 3244 pulcherrimas.
458 3177 611 3232 Carminum
627 3176 829 3232 Homericorum
845 3175 1067 3244 conspirationem
1088 3191 1189 3232 summa
1208 3175 1344 3244 diligentia

226 3276 313 3329 nuper
331 3260 451 3316 defendit
462 3261 511 3315 Fr.
525 3261 769 3316 Nutatorntos
785 3261 853 3316 libro
865 3278 888 3316 a.
903 3261 970 3318 1863
980 3261 1081 3330 ilingna
1099 3262 1202 3326 danica
1221 3262 1272 3315 hoc
1284 3261 1344 3330 ipso

227 3362 296 3402 anno
316 3347 454 3403 theodisca
471 3348 551 3414 edito,
571 3349 618 3417 qui
634 3346 790 3402 inscribitur
809 3347 861 3402 Die
873 3348 1141 3416 Entstebungsweise
1161 3347 1209 3402 der
1220 3347 1342 3402 Homeri-

228 3433 313 3488 schen
331 3433 461 3490 Gedichte
485 3433 636 3503 (praefatus
652 3438 694 3487 est
711 3432 847 3486 Nicotaus
864 3431 1051 3502 Madvigius).
1082 3431 1134 3500 Qui
1155 3433 1183 3486 in
1203 3437 1344 3502 superte,

227 3533 296 3588 quae
308 3518 342 3572 ad
358 3521 428 3574 hanc
444 3517 477 3573 de
495 3517 655 3572 carminibus
674 3519 799 3574 extremis
818 3518 1001 3588 quaestionem
1020 3516 1213 3574 instituendam
1232 3522 1344 3587 spectat,

129 3635 135 3648 ·
227 3604 285 3660 lere
298 3604 390 3660 eodem
401 3603 486 3670 modo,
499 3603 805 3674 qquriedluccdcrue,
818 3617 940 3658 eamrem
951 3605 1089 3672 tractavit3
1100 3603 1214 3672 negarit,
1226 3619 1345 3672 unquam

228 3689 308 3746 certis
320 3690 487 3758 ssargrrmentis
504 3705 539 3744 ex
555 3689 637 3744 rebus
653 3696 680 3744 et
697 3704 818 3744 sermone
836 3689 928 3759 petitis
947 3688 1036 3745 doceri
1053 3704 1141 3759 posse,
1164 3691 1233 3746 ullas
1251 3689 1344 3748 Iliadis

162 3837 166 3844 ,
226 3782 318 3847 partes
336 3775 483 3845 posteriore
494 3781 613 3844 tempore
629 3775 733 3830 additas
751 3791 818 3830 esse.
856 3775 914 3842 Qua
925 3776 954 3830 in
966 3792 998 3831 re
1015 3776 1194 3832 confitendum
1212 3775 1346 3844 estquod

228 3861 262 3917 F.
276 3862 311 3914 A.
331 3859 447 3925 Wobiue
458 3861 486 3915 in
499 3859 621 3930 Prolegg.
634 3879 659 3930 p.
673 3861 723 3916 138
735 3862 836 3928 statuit,
848 3862 877 3916 in
889 3863 1043 3918 universum
1052 3863 1166 3918 eundem
1178 3879 1271 3918 sonum
1283 3878 1345 3919 esse

228 3947 350 4002 omnibus
363 3945 448 4011 libris,
459 3946 572 4002 eundern
583 3947 910 4014 habitumsententiarum‚
921 3948 1056 4014 orationis,
1068 3965 1245 4006 numerorum.
1265 3949 1343 4017 Quod

229 4048 308 4102 quam
319 4036 394 4088 recte
407 4046 436 4084 ee
448 4031 567 4098 haberet,
578 4038 634 4088 tum
646 4033 751 4088 demum
757 4034 854 4102 optime
860 4035 989 4100 intellexi,
1001 4050 1061 4088 oum
1075 4034 1195 4103 singulae
1206 4035 1342 4092 nominum

230 4125 259 4174 et
270 4119 412 4176 verborum
424 4116 522 4172 formae
536 4119 713 4185 contulissem,
725 4119 798 4176 haud
809 4120 1007 4190 desperandum
1018 4136 1079 4176 esse
1099 4125 1184 4193 ratus,
1201 4137 1262 4178 oum
1273 4123 1342 4178 anti·

229 4205 336 4274 quiores
348 4210 376 4260 et
386 4203 550 4260 recentiores
562 4205 728 4273 quarundam
739 4204 883 4260 formarum
894 4206 1092 4262 terminationes
1103 4207 1253 4275 promiscue
1265 4223 1343 4264 usur·

228 4296 357 4360 parentur
367 4291 396 4346 in
406 4289 516 4346 Homeri
532 4289 703 4356 carminibus,
721 4290 750 4346 in
768 4291 807 4348 eis
825 4293 992 4361 rhapsodiie‚
1011 4307 1081 4362 quae
1097 4293 1242 4350 recentiori
1259 4293 1342 4348 aetati

228 4375 437 4446 assignarentur,
449 4376 547 4434 iormas
559 4376 639 4434 etiam
649 4377 813 4437 recentiores
824 4379 908 4448 magis
919 4379 948 4434 in
956 4391 1160 4450 usuessequam
1171 4378 1259 4447 ineis,
1271 4395 1343 4450 quae
