3032 4792
39 1726 43 1887 l

279 1271 381 1352 Iliadis
409 1293 570 1362 rhapsodiae
606 1306 695 1346 omnes
722 1290 869 1358 antiquitus
889 1289 917 1343 in
937 1289 997 1358 pari
1016 1289 1117 1344 honore
1142 1289 1317 1354 habebantur,

207 1380 373 1434 Facerem
384 1379 527 1446 Augustos
546 1377 660 1443 Wolfics
678 1379 780 1446 primus
797 1381 957 1446 postremam
969 1375 1027 1430 eius
1044 1378 1156 1443 partem,
1174 1392 1243 1444 qnae
1255 1377 1316 1430 inde

201 1481 218 1520 a
239 1466 356 1520 carmine
372 1469 398 1516 T
414 1464 544 1532 sequitur,
564 1479 618 1517 non
637 1463 756 1518 eiusdem
775 1460 882 1516 virtmis
902 1461 1023 1530 poeticae
1044 1475 1105 1516 esse
1128 1461 1220 1514 statuit
1238 1476 1317 1529 quam

202 1558 308 1606 ceteras
320 1550 484 1620 rhapsodias.
503 1552 600 1618 Atque,
618 1565 697 1618 quam
709 1565 788 1617 quarn
806 1548 858 1602 iam
870 1545 977 1602 criticos
996 1545 1193 1601 Alexandrinos
1211 1547 1239 1601 in
1257 1563 1315 1601 car·

200 1637 270 1692 mine
289 1637 316 1686 st
334 1638 418 1690 multa
437 1635 607 1691 offendebant
625 1637 714 1690 minus
735 1635 872 1702 eleganter
890 1637 917 1687 et
934 1637 996 1701 apta
1018 1631 1091 1686 dicta
1106 1637 1134 1685 et
1158 1647 1317 1701 quemquam

200 1720 346 1774 Ricardae
356 1711 504 1772 Dcweeiue
516 1721 544 1773 in
557 1718 740 1774 Miscellaneis
753 1717 853 1773 criticis
866 1735 892 1786 p.
905 1717 955 1773 152
966 1733 1075 1772 armen
1091 1721 1117 1767 Y
1126 1718 1169 1773 vel
1179 1724 1263 1774 totum
1274 1719 1316 1774 vel

200 1823 324 1876 magnam
337 1808 395 1862 eius
409 1811 512 1875 partem
524 1805 640 1860 Homero
656 1804 794 1872 indignam
810 1817 870 1858 esse
888 1804 1016 1858 iudicavit
1027 1833 1061 1844 -
1072 1804 1181 1859 deorum
1193 1821 1316 1874 pugnam,

201 1910 269 1962 quae
280 1899 405 1947 narratur
417 1895 443 1942 Y
451 1894 485 1948 66
498 1907 555 1960 sqq.
568 1891 646 1960 plura
658 1891 757 1946 habere
769 1889 889 1956 ridicula,
909 1889 1012 1956 stolida,
1025 1889 1142 1948 absurda
1158 1905 1190 1944 ac
1202 1891 1317 1946 barbara

200 1979 267 2033 dixit
280 2007 321 2044 -,
334 1985 423 2033 tamen
435 1978 467 2030 F.
482 1977 517 2030 A.
540 1976 654 2042 Wolfice
666 1993 697 2032 eo
710 1977 743 2032 de
753 1975 916 2044 quaestione,
929 1991 999 2044 quae
1008 1976 1090 2031 estde
1099 1976 1209 2031 Homeri
1221 1979 1315 2032 carmi-

199 2065 287 2130 nibus,
302 2063 473 2132 singulariter
484 2063 595 2117 meritus
608 2068 657 2128 est,
676 2062 746 2131 quod
764 2063 793 2116 in
809 2060 960 2130 rhapsodiis
978 2061 1120 2130 postremis
1134 2077 1184 2117 sex
1202 2063 1316 2119 indolem

201 2149 331 2204 diversam
343 2165 360 2202 a
372 2150 469 2204 ceteris
482 2148 632 2217 rhapsodiis
644 2151 728 2203 sensit
735 2153 761 2203 et
769 2147 853 2200 multa
861 2146 1055 2213 animadvertit,
1068 2163 1136 2216 quae
1146 2149 1227 2203 certis
1235 2164 1315 2218 argu-

200 2235 297 2290 mentis
309 2235 492 2290 demonstrare
505 2241 598 2304 posset
609 2234 642 2289 ab
654 2235 769 2290 Homero
782 2231 959 2286 abiudicanda
970 2247 1038 2288 esse.
1062 2233 1147 2299 Quem
1158 2235 1316 2289 sententiam

200 2321 241 2374 vir
253 2320 418 2374 clarissimus
431 2321 555 2390 exposuit
567 2321 595 2374 in
606 2321 803 2390 Prolegomenis
813 2323 848 2378 ad
859 2323 1004 2379 Homerum
1016 2336 1042 2388 p.
1056 2319 1105 2374 137
1118 2321 1183 2374 etin
1196 2321 1315 2388 epistolis
1384 2305 1387 2318 ’

201 2406 375 2476 adHeynium
386 2405 475 2484 missis
487 2423 513 2474 p.
524 2406 549 2460 8.
561 2422 648 2475 quam,
660 2408 779 2475 quamvis
791 2415 863 2465 recte
875 2425 904 2464 se
916 2409 1015 2464 habere
1027 2420 1186 2476 persuasum
1197 2406 1316 2474 haberet,

200 2498 292 2546 tamen
305 2493 370 2546 satis
382 2492 548 2547 considerate
559 2493 739 2561 pronuntiavit
749 2509 838 2562 neque
850 2495 974 2563 cuiquam
985 2493 1021 2560 id,
1042 2491 1112 2561 quod
1124 2492 1183 2562 ipse
1196 2493 1316 2560 sentiret,

201 2593 250 2646 pro
272 2577 374 2634 ratione
391 2579 545 2644 venditavit,
568 2595 629 2634 cum
645 2594 690 2634 res
703 2594 735 2634 ea
752 2581 909 2648 gravissima
928 2586 1008 2635 antea
1026 2578 1178 2646 singulatim
1191 2585 1218 2634 et
1228 2579 1316 2634 inten-

201 2663 305 2717 tissima
316 2679 382 2717 cura
392 2665 583 2733 pertractanda
601 2671 681 2720 esset.
708 2666 743 2719 Ei
763 2681 891 2721 assensus
910 2671 953 2721 est
971 2665 1003 2731 is,
1025 2664 1071 2733 qui
1089 2665 1270 2732 quaestionem
1283 2664 1316 2719 de

201 2747 364 2814 carminibus
375 2749 524 2804 Homericis
536 2755 598 2818 post
609 2750 691 2805 multa
703 2751 812 2806 macula
824 2751 858 2806 F.
871 2752 907 2805 A.
927 2749 1022 2805 Wolti
1033 2749 1129 2804 studiis
1142 2748 1229 2804 denuo
1242 2751 1315 2804 exci-

200 2839 283 2888 tatam
303 2834 377 2888 clara
396 2835 457 2890 luce
477 2835 628 2903 illustravit,
651 2833 769 2888 Carolus
780 2837 982 2891 Lachmaaoaa.
1010 2835 1062 2902 Qui
1079 2835 1108 2888 in
1120 2851 1153 2890 eo
1172 2835 1249 2903 libro,
1270 2837 1316 2906 qui

200 2919 356 2974 inscribitur
368 2921 587 2990 Betrachtvmgen
602 2921 670 2976 iiber
686 2921 729 2977 die
740 2922 805 2976 Ilias
817 2940 843 2992 p.
856 2924 889 2978 79
902 2939 958 2992 sqq.
977 2922 1048 2976 ultra
1065 2921 1145 2976 etiam
1156 2936 1316 2990 progressus

200 3012 243 3061 est
254 3022 294 3072 eo,
316 3005 386 3074 qnod
407 3007 564 3076 rhapsodias
583 3023 636 3062 non
654 3023 715 3074 sex,
737 3007 786 3062 sed
807 3015 909 3077 septem
928 3013 1077 3078 postremas
1094 3007 1186 3062 Iliadis
1206 3008 1316 3064 minoris

199 3091 352 3148 aestimavit
363 3097 391 3145 et
407 3091 573 3160 rhapsodias,
587 3107 656 3160 quae
668 3100 731 3147 sunt
746 3093 835 3149 iudea
846 3097 871 3144 Σ
882 3093 1012 3164 usquead
1025 3097 1061 3159 X,
1073 3093 1151 3162 quasi
1159 3095 1316 3162 cognatione

200 3177 316 3246 quadam
326 3177 365 3232 ita
376 3177 447 3230 inter
459 3192 488 3230 se
500 3177 630 3232 contineri
642 3179 743 3246 statuit,
764 3186 795 3233 ut
806 3180 840 3234 ab
861 3197 915 3235 uno
933 3185 1012 3248 poeta
1028 3179 1165 3248 proiectae
1183 3195 1243 3236 esse
1265 3181 1316 3236 sibi

200 3263 363 3318 viderentur.
382 3262 597 3317 convenientiam
608 3278 671 3318 vero
683 3279 775 3318 earum
787 3265 990 3334 rhapsodiarum
1001 3265 1030 3318 in
1039 3263 1197 3333 quibusdam
1202 3268 1315 3324 maxime

198 3347 280 3403 rebus
298 3349 374 3403 cerni
390 3348 466 3410 dixit,
486 3349 602 3417 primum
613 3349 641 3402 in
659 3364 700 3415 eo,
722 3349 793 3418 quod
809 3351 906 3406 heroes
925 3352 1090 3406 Graecorum
1108 3367 1199 3407 omnes
1221 3353 1316 3408 remoti

199 3440 320 3489 essenta
336 3433 418 3489 rebus
435 3434 570 3503 gerendis,
588 3451 641 3503 quo
659 3435 758 3490 clarius
773 3435 897 3492 eluceret
914 3437 994 3490 unius
1006 3437 1120 3492 Achillis
1136 3438 1227 3504 virtus,
1244 3438 1316 3506 quod

201 3520 316 3588 plurima
326 3535 376 3590 per
388 3521 452 3576 deos
467 3521 571 3587 fierent,
585 3520 655 3588 quod
666 3521 744 3575 nimis
756 3521 855 3577 multae
868 3522 976 3577 fabulae
987 3527 1171 3588 narrarentur,
1182 3528 1315 3590 postremo

199 3607 228 3660 in
240 3621 280 3673 ec,
294 3622 346 3674 quo
358 3606 543 3662 similitudines
556 3613 584 3662 et
596 3607 726 3675 imagines
738 3607 844 3662 ieiunae
856 3609 989 3664 interdum
998 3614 1025 3664 ct
1036 3607 1150 3675 frigidae
1161 3607 1316 3662 viderentur

199 3707 268 3747 esse.
296 3690 398 3758 Quibus
410 3692 491 3748 rebus
503 3709 557 3748 non
575 3693 663 3748 minus
681 3709 763 3748 unum
782 3697 888 3763 poetam
904 3709 984 3764 quam
1007 3697 1122 3749 aetatem
1139 3694 1314 3749 recentiorem

199 3776 353 3846 significari.
388 3781 513 3834 Attamen
530 3779 736 3848 prudentissime
748 3778 775 3833 id
791 3779 860 3833 cavit
871 3781 911 3834 vir
928 3781 1124 3850 sagacissimas,
1145 3795 1180 3834 ae
1197 3784 1315 3848 putaret,

198 3863 248 3918 has
260 3862 417 3931 rhapsodias
430 3865 546 3920 saeculis
558 3864 659 3920 distare
670 3864 758 3931 abeis,
771 3879 840 3932 quae
846 3870 909 3922 ante
917 3883 963 3922 eas
969 3867 1072 3936 positae
1080 3871 1180 3929 essent,
1192 3865 1314 3919 omnibus

199 3955 281 4004 atres
294 3948 447 4016 praeclaras
459 3954 488 4006 et
499 3950 661 4019 elegantiam
671 3950 730 4006 fere
741 3950 841 4004 nullam
852 3951 881 4004 in
893 3951 933 4006 eis
945 3967 1106 4020 comparere.
1137 3951 1233 4019 Neque
1244 3951 1314 4006 iudi·

199 4035 270 4090 cium
280 4033 346 4089 illud
358 4035 423 4089 satis
435 4051 557 4092 severum
569 4035 635 4092 iecit
645 4040 755 4104 propter
766 4036 883 4092 rationes
893 4053 928 4092 ex
939 4042 1094 4106 argumento
1105 4041 1208 4092 tantum
1221 4041 1249 4092 et
1260 4036 1313 4092 vir-

198 4121 263 4176 tutis
274 4121 396 4190 poeticae
407 4121 591 4177 aestimatione
609 4121 716 4191 petitas,
735 4121 782 4176 sed
800 4121 854 4175 alia
871 4123 1001 4190 quaedam
1019 4123 1147 4178 sermonis
1159 4127 1315 4192 argumenta

198 4207 307 4275 addidit,
331 4222 399 4276 quae
423 4207 496 4262 band
512 4206 586 4262 sacili
604 4207 710 4276 negotio
727 4205 911 4276 profligentur.
946 4209 1016 4264 Nam
1034 4225 1094 4262 cum
1111 4209 1201 4277 poesis
1221 4209 1314 4278 spicae

199 4293 326 4362 propriae
345 4297 435 4348 essent
447 4298 537 4348 certae
553 4293 683 4363 quaedam
698 4293 827 4349 tormuhe
840 4299 868 4348 et
885 4295 952 4349 certi
969 4309 1072 4360 versus,
1095 4294 1125 4349 in
1143 4310 1189 4352 eos
1200 4293 1315 4350 maxime

199 4379 240 4432 vir
252 4379 417 4435 clarissimus
429 4379 574 4447 inquisivit,
593 4379 639 4448 qui
657 4379 744 4434 oblata
762 4379 902 4434 occasione
919 4385 1085 4449 repetuntur,
1104 4385 1151 4434 aut
1168 4379 1214 4434 ubi
1225 4385 1314 4434 mans-

1111 4466 1127 4519 1
