3032 4792
660 141 872 203 *10-

212 329 241 367 se
254 313 390 379 elegantes
412 320 438 367 et
450 317 511 380 apte
524 310 706 380 procedentes,
720 309 767 364 sed
779 325 831 363 non
843 309 1255 376 accomodatosadargmnentum
1263 323 1325 361 rer‹

212 414 288 451 suum
301 397 524 461 antecedentium,
537 402 629 464 postea
645 411 706 449 sero
719 393 953 449 versus500-514
964 394 1053 462 inepte
1066 392 1324 447 sineullasententia

211 482 315 536 additos
329 497 396 537 esse.
432 483 500 535 Tota
517 497 562 535 res
575 487 629 534 tam
647 479 788 534 manifesta
801 485 850 545 est,
871 485 901 532 nt
916 495 993 533 nemo
1006 478 1150 530 Labe-cium
1166 479 1322 547 impugnare

210 567 316 621 audeat.

278 653 390 707 Praeter
401 652 534 708 orationes
547 665 609 704 vero
622 650 697 702 multi
710 649 762 702 loci
773 649 801 701 in
814 649 987 716 suspitionem
998 655 1127 702 vocantur
1137 665 1154 702 a
1166 650 1258 704 doctis.
1282 652 1325 703 Ac

209 755 243 792 ne
256 739 281 792 ei
294 739 406 806 quidem,
422 738 468 806 qui
480 735 686 804 rhapsodiasvel
693 741 841 801 postremas
848 734 1032 800 antiquissimo
1038 739 1155 800 tempore
1163 737 1323 803 compositas

210 839 271 878 esse
289 823 464 888 contendunt,
482 827 572 889 partes
591 818 718 886 quasdam
735 817 878 872 eliciendas
897 833 956 873 esse
974 823 1079 885 negant.
1111 818 1154 872 Sic
1168 819 1324 872 Nitzacbioe

209 909 242 964 ab
255 909 371 962 Homero
385 907 490 978 liquido
514 905 676 958 abiudicavit
694 907 855 970 θεομαχίας,
882 909 1025 972 quaesunt
1041 903 1185 968 rat-75,
1198 906 1323 959 (14385-

208 993 268 1059 515,
282 992 519 1045 Fricdloauclerue
537 989 710 1058 posteriorem
731 989 841 1043 deorum
859 1004 975 1056 pugnam
993 995 1020 1042 et
1037 989 1151 1043 Achillis
1171 997 1198 1044 et
1219 987 1323 1044 Xanthi

209 1084 352 1144 certamen,
365 1077 410 1131 alii
422 1077 490 1130 alia:
512 1081 543 1128 ut
555 1073 741 1125 Nectabormz'ua
753 1088 823 1126 unus
840 1073 962 1126 rideatur
975 1089 1043 1139 esse,
1063 1075 1108 1140 qui
1126 1089 1216 1129 omnes
1229 1075 1320 1128 Iliadis

207 1167 299 1230 partes
311 1163 338 1214 in
350 1163 409 1230 pari
422 1163 523 1214 honore
536 1159 593 1213 sine
606 1157 661 1211 ullo
674 1157 826 1211 discrimine
839 1157 976 1212 habendas
989 1175 1049 1213 esse
1062 1166 1177 1214 censeat.
1211 1161 1239 1213 Is
1251 1161 1320 1214 enim

209 1263 244 1300 ne
262 1247 290 1299 in
302 1245 447 1300 Nereidum
461 1245 567 1313 quidem
578 1244 666 1297 indice
679 1242 790 1296 offendit
809 1249 933 1309 suspecto
944 1245 997 1297 iam
1013 1245 1113 1298 criticis
1124 1245 1323 1309 Alexandrinis

208 1329 348 1384 Zenodoto
360 1332 506 1398 praecipue
519 1336 547 1384 et
557 1328 728 1382 Aristarcho:
741 1343 804 1380 nam
816 1323 852 1385 ὠς
864 1327 937 1395 ἔχων
946 1324 1107 1382 Ἤσαοδεῖον
1115 1331 1277 1398 χαρακτῆρα
1289 1329 1323 1383 ab

207 1416 246 1469 eis
257 1423 408 1482 expunctus
420 1422 462 1471 est
474 1422 501 1470 et
514 1416 573 1468 iure
586 1413 700 1482 quidem,
720 1429 781 1466 cum
792 1413 850 1467 eius
862 1414 933 1466 medi
945 1417 1155 1470 enumerationes
1168 1432 1184 1469 a
1197 1415 1322 1469 carmini·

207 1499 256 1554 bus
269 1501 418 1555 Homericis
432 1502 600 1554 abhorreant.
622 1499 768 1552 Praeterea
786 1499 865 1552 etiam
878 1515 900 1550 v.
913 1498 947 1551 49
966 1501 1091 1553 carminis
1102 1504 1141 1554 2':
1160 1497 1239 1550 ἄλλαι
1254 1495 1279 1548 θ’
1294 1499 1323 1550 dt*

205 1583 275 1635 καιὰ
289 1589 388 1650 βένθος
401 1581 467 1644 ἁλὸς
481 1583 613 1650 Νηρηΐδες
626 1574 696 1647 ἦσαν
716 1589 808 1652 aperte
826 1583 944 1650 languet,
963 1583 1032 1650 quod
1048 1592 1120 1639 certe
1132 1585 1263 1640 Nereides
1275 1589 1322 1638 aut

206 1686 259 1724 non
272 1671 466 1726 enumerandae
480 1677 557 1724 erant
569 1674 616 1724 aut
634 1685 732 1734 omnes,
755 1668 839 1722 nihilo
856 1668 944 1721 minus
956 1685 979 1722 v.
991 1669 1025 1722 49
1038 1669 1201 1735 declaratur,
1219 1676 1322 1737 partem

207 1769 298 1808 earum
311 1761 413 1809 tautum
425 1757 579 1810 nominatim
591 1753 689 1808 afferri.
708 1754 878 1808 Omninonon
892 1753 1055 1822 intelligitur,
1068 1757 1234 1822 quoconsilio
1243 1751 1322 1821 poeta

205 1848 307 1906 partem
316 1857 379 1894 eam
391 1841 592 1895 enumeraverit

275 1925 456 1980 Vehementer
468 1933 556 1980 autem
569 1925 751 1988 dubitaverim,
763 1939 798 1977 an
810 1923 900 1992 opinio
912 1923 1078 1977 Nutzboroit
1092 1931 1166 1981 recte
1179 1941 1208 1982 se
1219 1926 1321 1981 habeat

208 2011 253 2077 qui
267 2025 298 2064 eo
312 2012 421 2066 consilio
434 2011 564 2065 Nereidas
577 2011 727 2066 enumerari
740 2009 883 2075 contendit,
897 2016 927 2062 nt
938 2011 1145 2066 innumerabiles
1160 2012 1229 2065 sicut
1240 2012 1322 2065 maris

208 2095 295 2150 undae
307 2097 445 2150 videantur
458 2111 526 2150 esse.

274 2181 340 2234 Loci
358 2181 440 2249 igitur
452 2180 554 2233 suntin
566 2181 642 2234 libris
654 2181 749 2246 Σ-Ω,
767 2183 813 2249 qui
838 2181 958 2235 eruditos
975 2181 1062 2234 animo
1082 2181 1184 2234 intento
1200 2179 1323 2248 legentes

205 2263 349 2319 offendunt.
363 2266 480 2333 Quorum
488 2281 616 2320 numerus
624 2281 682 2318 cum
691 2267 830 2321 admodum
836 2283 947 2335 magnus
955 2267 1083 2332 sit,multo
1090 2265 1146 2319 veri
1153 2265 1264 2320 similius
1272 2272 1321 2330 est,

207 2351 414 2418 easrhapsodias
422 2355 586 2405 totasaetate
594 2351 741 2404 recentiore
750 2353 998 2422 compositas,velin
1007 2351 1242 2418 eaminquanunc
1250 2357 1320 2415 sunt,

205 2433 316 2488 sormam
324 2435 447 2489 redactas
456 2451 524 2500 esse,
535 2451 595 2488 uam
604 2436 626 2488 si
632 2437 718 2489 omnia
726 2452 766 2502 ea,
774 2451 842 2505 quae
847 2439 933 2491 minus
938 2439 1071 2505 placeant,
1081 2451 1114 2490 ex
1120 2437 1158 2489 eis
1165 2435 1320 2504 dempserit,

205 2535 272 2587 quae
285 2520 432 2586 restabunt,
445 2521 538 2574 mutila
546 2527 572 2574 et
584 2535 678 2573 manca
691 2527 776 2575 erunt.
795 2523 826 2575 ld
838 2523 1000 2590 veronegari
1009 2522 1110 2588 nequit,
1121 2518 1150 2573 in
1161 2520 1203 2574 his
1216 2535 1321 2588 quoque

203 2605 1320 2674 librislocospraestantissimosinesse,relutbriseidisdePatrocloconquestionem‚

203 2691 412 2758 comparationes
426 2691 576 2755 nonnullas,
598 2690 677 2744 finem
689 2692 750 2745 libri
762 2695 798 2758 Φ,
810 2693 870 2746 alia.
889 2693 931 2747 De
943 2692 1039 2760 quibus
1056 2689 1168 2757 amplius
1188 2689 1320 2744 disserere

202 2775 317 2829 alienum
332 2776 399 2831 duco
411 2776 569 2844 aproposito
581 2791 647 2840 meo,
659 2777 819 2844 praesertim
831 2791 891 2827 cum
901 2775 984 2842 probe
997 2776 1088 2840 sciam,
1098 2775 1126 2828 in
1138 2775 1320 2828 aestimatione

202 2860 308 2913 virtutis
315 2862 435 2928 poeticae
443 2860 567 2912 carminis
576 2860 1093 2926 alicuiusinterdumdoctosindiversas,
1103 2859 1321 2928 quincontrarias

202 2945 348 2998 sententias
355 2945 435 2999 abire.
449 2945 539 2997 Firmo
546 2944 717 2998 fundamento
724 2946 854 3010 nituntur,
861 2960 928 3012 quae
935 2945 1129 2996 Loclaemauuus
1138 2944 1318 3013 ingeniosein-

204 3029 343 3096 vestigavit
358 3029 385 3082 in
398 3031 529 3094 formulis,
551 3030 647 3098 quibus
660 3037 740 3096 poeta
751 3030 785 3082 ad
798 3045 892 3084 nevam
904 3045 961 3083 rem
977 3031 1137 3084 narrandam
1150 3032 1217 3083 viam
1227 3029 1320 3092 munit,

202 3113 332 3168 diversae
344 3115 419 3168 libris
431 3118 521 3166 A—I’.
534 3114 708 3168 Locutionem
718 3112 871 3182 alulphus
880 3109 935 3180 τόγ’
951 3109 1052 3165 ἄκουσα
1062 3121 1105 3170 ter
1113 3121 1215 3170 tanturn
1225 3129 1285 3168 esse
1292 3115 1319 3167 in
1396 3156 1398 3162 .

201 3195 284 3258 iliade
297 3199 376 3267 idque
389 3200 417 3253 in
429 3201 505 3254 libris
522 3199 724 3268 posterioribus,
744 3199 939 3251 Laclamououa
950 3199 1050 3266 primus
1068 3200 1174 3254 statuit:
1192 3199 1245 3252 loci
1258 3203 1320 3253 sunt

205 3279 299 3338 1318.
313 3287 340 3334 Φ
352 3285 410 3340 att.
427 3289 456 3334 Φ
466 3287 521 3340 161.
554 3283 710 3338 lnauditum
727 3301 787 3339 esse
806 3301 899 3339 versus
918 3285 1075 3353 initiamus
1092 3285 1159 3350 nupt
1173 3279 1320 3353 καιόμενος

202 3371 229 3417 Φ
241 3371 291 3423 361
304 3371 332 3422 in
344 3371 507 3424 carminibus
520 3370 721 3436 antiquioribus
742 3369 892 3435 Orationes,
903 3385 971 3436 quae
983 3385 1036 3424 uno
1048 3385 1128 3423 versu
1140 3369 1320 3435 absolvantur,

201 3460 394 3522 postremarum
407 3454 465 3508 lere
478 3455 681 3522 rhapsodiarum
692 3461 795 3509 tantum
807 3455 929 3523 proprias
942 3470 1009 3509 esse.
1027 3454 1138 3508 Poterat
1149 3455 1318 3509 virdoctissi·

200 3551 259 3592 mus
272 3553 317 3592 eos
329 3540 401 3593 locos
415 3539 523 3604 addere,
537 3539 633 3607 quibus
646 3540 936 3594 orationesafferuntur
947 3539 1120 3594 versibuseas
1129 3538 1317 3594 inducentibus

201 3623 286 3676 solitis
299 3629 361 3678 ante
376 3641 428 3678 non
440 3625 546 3692 positis:
561 3641 613 3692 quo
625 3626 761 3693 pertinent
773 3625 832 3691 loci,
852 3627 898 3693 qui
910 3627 973 3680 sunt
985 3625 1013 3673 Φ
1025 3624 1066 3679 74.
1078 3624 1135 3677 472.
1148 3624 1207 3678 481.
1219 3625 1246 3674 Ω
1260 3625 1316 3679 171.

200 3711 227 3757 1(
239 3709 544 3775 impraescientiam
560 3713 583 3758 P
593 3711 642 3766 586
656 3717 684 3765 et
696 3727 706 3762 ε
720 3711 777 3777 429,
800 3726 860 3764 nam
878 3725 973 3765 versus
985 3710 1013 3758 Φ
1024 3709 1064 3764 13.
1078 3708 1137 3762 471,
1149 3710 1207 3764 480,
1220 3711 1246 3760 Ω
1260 3709 1316 3762 170.

200 3794 297 3846 K191.
316 3796 340 3840 Ρ
350 3795 407 3847 585.
422 3813 432 3845 ε
445 3795 496 3848 498
509 3803 556 3848 aut
573 3797 671 3850 absunt
684 3811 700 3848 a
718 3795 808 3849 codiee
820 3795 925 3850 Veneto
945 3799 992 3848 aut
1010 3793 1095 3862 spurii
1111 3794 1196 3849 habiti
1212 3793 1317 3849 suntab

201 3877 367 3932 Aristarcho.
388 3877 491 3932 Versus
505 3881 614 3948 aliquot,
627 3881 672 3948 qui
686 3881 824 3934 occasione
837 3880 926 3934 oblata
942 3885 1109 3947 repetuntur,
1125 3881 1204 3949 plane
1221 3879 1318 3934 absunt

199 3977 216 4014 a
241 3961 316 4016 libris
335 3963 428 4016 Iliadis
453 3965 545 4032 primis
572 3965 760 4034 septendecim,
784 3966 857 4020 velut
880 3965 928 4027 στῆ
946 3962 971 4016 d‘
996 3961 1082 4030 ὀρθὸς
1105 3966 1151 4016 καὶ
1173 3965 1268 4034 μῦθον
1287 3963 1317 4014 ἐν

198 4046 371 4114 Ἀργείοισιν
389 4047 481 4100 ἔειπεν
506 4055 533 4098 Ψ
548 4051 606 4105 271,
625 4051 683 4105 456,
706 4051 762 4104 657.
782 4051 838 4106 706,
857 4051 913 4106 752.
932 4049 990 4104 801.
1013 4049 1075 4118 830;
1099 4046 1165 4107 στὰς
1183 4045 1206 4100 d
1227 4043 1267 4115 ἄρ’
1287 4048 1317 4100 ἐν

197 4130 408 4202 Ἀργείοιςὲαεα
427 4131 567 4199 πτερόεντ’
592 4131 747 4202 ἀγόρευσεν
775 4137 882 4203 ι14535;
907 4129 1028 4188 αὖιόθεν
1049 4133 1078 4194 ἐξ
1101 4133 1188 4202 ἕδρης,
1213 4129 1272 4185 odd'
1287 4133 1318 4185 tv

199 4221 345 4289 μέσσοισιν
358 4215 481 4278 ἀναστὰς
497 4223 522 4270 Τ
532 4221 573 4288 77,
587 4228 613 4276 et
626 4223 671 4276 alii
682 4221 766 4274 multi.

270 4303 373 4372 Quibus
384 4305 465 4360 rebus
479 4307 599 4360 omnibus
612 4307 716 4361 omissis
729 4307 796 4363 duae
808 4313 950 4377 praeterea
961 4307 1020 4363 viae
1035 4305 1157 4362 videntur
1169 4319 1238 4373 esse,
1250 4319 1317 4375 quas
