3032 4792
674 181 865 236 -7-

216 345 355 400 iudicandi
367 346 485 399 rationes
497 346 648 414 amplexum
660 360 690 398 se
704 359 763 398 esse
776 341 909 397 confidat?
933 342 999 408 Quis
1011 349 1064 397 tam
1081 359 1193 412 gnarum
1205 346 1327 402 dictionis

214 437 242 486 et
255 431 384 486 sermonis
397 431 543 485 carminum
555 446 585 486 se
597 431 671 484 ausit
682 430 791 492 habere,
803 435 834 482 ut
845 428 976 496 probabili
987 430 1090 484 ratione
1105 431 1251 499 insingulis
1261 432 1328 487 locis

212 517 334 572 indicare
352 517 450 584 possit,
469 516 533 584 quid
552 533 615 571 vere
635 517 671 570 sit
688 520 897 570 consentaneum
922 529 982 566 cum
998 516 1073 582 poesi
1090 515 1245 585 Homerica,
1264 519 1327 588 quid

211 602 287 656 non?
299 602 419 668 Accedit,
432 602 502 670 quod
514 609 568 656 tam
579 603 675 656 multos
687 603 769 666 locos,
782 600 899 668 singulos
911 599 1043 655 interdum
1055 617 1158 669 versus,
1170 604 1203 658 ab
1211 605 1328 662 Homero

213 687 387 739 1111111111
399 688 568 752 abiudicavit,
579 695 610 742 ut
621 688 729 742 dimidia
740 688 798 740 fere
810 701 882 754 pars,
901 684 924 740 si
942 687 1002 754 quis
1020 687 1080 742 eius
1099 690 1260 744 sententiam
1271 707 1327 745 am·

214 775 388 842 plecteretur,
407 771 610 842 rhapsodiarum
621 779 817 842 postremarum
836 771 953 826 Homero
972 773 1081 840 indigna
1102 774 1225 828 habenda
1248 783 1329 831 11111.

212 861 303 927 Atque
323 875 383 913 cum
394 860 566 912 Dacatacras
586 859 645 912 fere
666 873 770 925 semper
790 873 836 910 eos
859 857 1004 926 praecipue
1020 858 1093 913 locos
1110 860 1138 912 in
1156 863 1329 930 suspitionem

213 946 359 1012 vocaverit,
379 947 423 1014 qui
437 945 487 1000 sibi
498 962 593 1013 parum
605 949 783 1012 congruenter
797 949 824 998 et
836 943 963 996 concinne
976 943 1041 997 facti
1053 957 1113 998 1111
1125 946 1174 1000 visi
1188 948 1249 1012 sint,
1267 951 1328 1017 quis

212 1031 327 1086 tandem
341 1038 392 1096 est,
405 1032 450 1100 qui
461 1031 624 1100 ignoraverit
636 1029 800 1083 eruditorum
812 1027 845 1082 de
863 1029 960 1082 virtute
971 1029 1078 1097 poetica
1091 1031 1254 1099 singularum
1265 1036 1327 1088 rha-

214 1117 371 1185 psodiarum
389 1118 536 1171 sententias
554 1115 757 1183 discrepantes?
786 1114 888 1180 Nonne,
908 1114 931 1168 si
949 1115 1012 1183 quid
1029 1131 1082 1169 non
1101 1119 1289 1174 convenienter
1301 1127 1329 1174 et

214 1203 344 1270 languide
357 1203 455 1257 dictum
466 1203 572 1257 videtur
584 1217 653 1266 esse,
669 1201 696 1254 id
708 1200 801 1255 eodem
812 1201 871 1254 iure
885 1201 919 1263 ei,
938 1201 984 1268 qui
996 1206 1078 1254 totam
1090 1218 1148 1256 eam
1160 1204 1329 1272 rhapsodiam

216 1289 373 1356 composuit,
384 1295 480 1358 poetae
491 1289 638 1342 tribuitur?
664 1286 740 1353 Quod
751 1286 906 1340 necessario
917 1286 1023 1340 ridetur
1034 1288 1167 1355 postulari
1177 1296 1329 1359 propterea,

216 1375 295 1442 quod,
308 1375 331 1428 si
349 1377 408 1443 quis
428 1375 515 1428 omnia
534 1390 574 1440 ea,
593 1391 660 1442 quae
680 1374 768 1426 minus
783 1377 845 1440 apta
857 1371 1010 1425 viderentur
1022 1387 1092 1439 esse,
1110 1373 1228 1429 demeret
1239 1393 1255 1430 e
1267 1378 1328 1431 rha-

216 1460 369 1528 psodiarum
382 1477 472 1514 earum
490 1461 675 1528 perpetuitate,
693 1465 828 1526 postrema
839 1457 885 1512 illa
896 1457 987 1512 Iliadis
1004 1474 1068 1526 pars
1084 1460 1177 1513 mutila
1188 1463 1292 1516 omnino
1304 1469 1332 1518 et

216 1561 311 1598 manca
322 1552 402 1600 esset.
422 1545 597 1612 Quamobrem
607 1545 734 1598 mittimus
743 1543 893 1596 Daaatmra'
901 1543 974 1596 illam
981 1545 1109 1598 rationem
1120 1547 1330 1615 audacissimam,

216 1646 271 1698 qua
283 1632 366 1685 nihilo
377 1631 464 1684 minus
477 1649 529 1685 non
542 1631 607 1684 satis
614 1631 644 1684 fit
652 1631 814 1684 eruditorum
819 1629 1005 1685 voluntatibus.
1024 1629 1092 1683 Sunt
1098 1646 1162 1686 sane
1168 1648 1212 1688 res
1224 1634 1331 1701 multae,

217 1717 244 1770 in
262 1717 367 1784 quibus,
386 1717 544 1786 quicumque
557 1717 643 1771 animo
661 1717 762 1770 intento
780 1717 937 1785 rhapsodias
954 1721 1102 1785 postremas
1115 1723 1217 1785 septem
1228 1721 1331 1788 legerit,

218 1803 291 1856 haud
299 1803 378 1857 dubie
385 1801 532 1857 offenderit
544 1804 660 1857 Maxime
667 1802 884 1856 animadvertitur
890 1803 1054 1870 negligentia
1061 1802 1190 1870 quaedam
1196 1806 1331 1874 narrandi,

217 1905 296 1956 quam
314 1889 435 1942 Halmius
456 1889 606 1958 appellavit.
637 1890 702 1942 Cum
722 1889 806 1954 enim,
828 1888 874 1941 ubi
894 1889 1023 1942 transitus
1042 1887 1090 1942 fiat
1113 1889 1147 1942 ad
1166 1906 1260 1944 novam
1275 1908 1332 1946 rem

218 1975 410 2042 exponendam,
434 1982 514 2030 autea
536 1976 564 2028 in
586 1975 738 2043 rhapsodiis
750 1978 835 2024 A-P
850 1975 885 2028 ad
905 1990 963 2028 eam
986 1989 1044 2028 rem
1064 1980 1145 2042 poeta
1165 1976 1234 2030 11111
1254 1979 1331 2045 quasi

215 2061 326 2126 muniat,
348 2061 375 2113 11
393 2062 534 2128 postremis
552 2061 668 2116 brevitas
686 2067 713 2115 et
732 2062 882 2129 praecisum
905 2060 1040 2129 quoddam
1056 2075 1142 2128 genus
1166 2061 1271 2116 dicendi
1289 2069 1332 2118 est

218 2148 299 2215 plane
311 2148 460 2202 abhorrens
473 2147 506 2200 ab
519 2147 596 2215 epica
607 2147 688 2215 poesi.
707 2147 793 2201 Multo
799 2153 888 2202 tamen
899 2148 979 2200 latius
985 2152 1061 2214 patet
1070 2145 1099 2199 in
1110 2147 1153 2200 his
1164 2146 1248 2212 libris,
1261 2148 1331 2216 quod

217 2231 582 2299 HolmiasetLiescqaopias
589 2223 772 2298 observarunt,
782 2232 915 2286 interdum
925 2249 979 2287 111
991 2231 1196 2297 commemorari,
1208 2248 1261 2300 quo
1272 2234 1332 2302 quis

217 2319 297 2373 abeat
310 2319 352 2373 vel
364 2319 435 2372 unde
447 2320 506 2386 quis
519 2319 636 2372 accedat.
655 2318 751 2386 Neque
764 2319 798 2372 ad
809 2319 927 2372 carmina
939 2320 966 2369 Σ
976 2325 1004 2372 11
1019 2319 1045 2367 T
1054 2322 1158 2370 tantum
1169 2316 1197 2370 id
1208 2319 1333 2386 pertinet,

219 2420 287 2472 quae
309 2409 351 2458 111
371 2404 480 2456 Halmii
499 2405 594 2472 opinio.
629 2405 788 2460 Antilochus
809 2403 883 2458 initio
901 2404 963 2458 libri
981 2407 1009 2454 Σ
1024 2403 1127 2458 accedit
1148 2401 1182 2456 ad
1198 2403 1331 2460 Achillem
1408 2431 1410 2437 ·

220 2491 344 2544 nuntium
355 2491 473 2544 Patrocli
486 2491 569 2545 occisi
580 2491 714 2552 adferens,
730 2491 891 2544 lamentatur
903 2491 1000 2545 deinde
1018 2506 1079 2544 cunr
1090 2489 1198 2544 Achille
1214 2489 1330 2544 miserri-

219 2592 290 2628 mam
301 2576 359 2628 eius
373 2582 471 2630 sortem
483 2583 509 2631 et
520 2576 651 2644 prohibet,
672 2576 811 2645 quominus
823 2576 945 2630 Achilles
959 2591 1058 2630 summo
1071 2573 1201 2628 adductus
1211 2589 1333 2632 maerore

218 2667 329 2714 mortem
353 2659 404 2714 sibi
420 2661 616 2735 1111111131
636 2662 705 2728 Quid
721 2667 815 2731 postea
832 2661 928 2727 faeiat,
947 2668 1035 2716 utrum
1055 2659 1126 2730 apud
1138 2660 1270 2715 Achillem
1288 2677 1332 2716 re·

219 2753 324 2800 maneat
336 2762 371 2799 an
382 2747 410 2798 in
422 2763 538 2816 pugnam
549 2748 651 2812 redeat,
663 2765 697 2803 ue
709 2748 790 2802 verbo
802 2749 909 2816 quidem
921 2746 1095 2816 significatur.
1114 2745 1212 2800 Sorvae
1219 2746 1332 2805 Achillis

219 2850 242 2886 v.
255 2833 289 2886 28
301 2833 391 2886 audito
403 2834 518 2887 Patrocli
535 2834 626 2887 mortis
638 2834 736 2902 lnuntio
753 2833 788 2888 ad
800 2834 932 2888 Achillem
949 2850 967 2888 1
981 2833 1095 2888 tentorio
1111 2837 1257 2886 accurrunt
1273 2847 1334 2886 cum

219 2917 325 2972 Achille
347 2923 375 2971 et
386 2919 528 2972 Antilocho
545 2926 676 2973 mortuum
699 2921 874 2975 lamentantes
892 2921 1112 2989 plangentesque,
1130 2923 1225 2986 postea
1242 2933 1333 2972 aarum

220 3002 295 3058 nulla
307 3002 339 3057 fit
351 3005 455 3058 mentio.
474 3005 492 3058 J
493 3005 600 3072 uppiter
612 3012 639 3058 11
651 3007 669 3060 J
670 3022 722 3060 uno
734 3007 900 3061 v.356-368
912 3005 999 3058 subito
1013 3004 1084 3058 inter
1096 3018 1125 3056 se
1138 3003 1334 3071 colloquuntur,

222 3090 342 3157 quamvis
354 3107 407 3144 non
424 3089 612 3158 perspiciatur,
631 3108 684 3160 qua
695 3092 727 3146 de
740 3108 837 3146 caussa
847 3097 901 3144 tam
918 3095 1029 3158 repente
1042 3089 1209 3142 inducantur.
1230 3089 1334 3154 Charis,

221 3175 337 3230 Vulcani
348 3192 422 3240 uxor,
435 3191 458 3228 r.
471 3175 524 3230 391
538 3176 633 3230 marito
645 3178 765 3232 Thetidis
782 3178 924 3232 adventum
940 3175 1052 3241 1111111,
1071 3175 1115 3228 cui
1132 3175 1155 3228 is
1172 3174 1287 3240 mandat,
1305 3182 1335 3230 ut

220 3261 328 3316 Thetidi
347 3261 416 3316 dona
433 3260 577 3328 hospitalia
595 3270 733 3330 proponat,
757 3264 819 3318 dum
837 3264 895 3331 ipse
913 3262 1089 3315 instrumenta
1101 3260 1215 3328 colligat
1243 3263 1280 3314 dt
1299 3277 1333 3316 ne

221 3347 301 3402 verbo
319 3347 426 3416 quidem
443 3351 537 3415 postea
550 3347 666 3403 Charisia
682 3350 781 3404 mentio
792 3349 832 3402 fit.
849 3350 916 3404 Tea
928 3349 1022 3403 Thetis
1034 3347 1159 3402 Patroclo
1176 3347 1335 3402 ambrosiam

222 3439 249 3487 et
262 3440 353 3490 nectar
365 3433 489 3499 infundit,
501 3439 532 3486 ut
543 3449 640 3502 corpus
652 3451 669 3488 a
679 3435 821 3504 putredine
833 3435 965 3500 defendat,
979 3433 1132 3504 quodeinde
1142 3449 1172 3488 11
1184 3433 1334 3500 contulerit,

224 3535 278 3572 non
292 3527 424 3574 narramr.
444 3518 519 3586 Quod
530 3519 631 3574 diserte
643 3521 785 3589 exponitur
796 3539 818 3575 v.
825 3522 884 3587 355,
895 3521 941 3576 ubi
947 3521 1068 3575 Minerva
1073 3519 1173 3574 Achilli
1178 3519 1335 3574 ambrosiam

223 3611 252 3662 et
263 3610 357 3660 nectar
376 3605 463 3671 offert,
482 3623 517 3661 11
535 3605 606 3660 fame
618 3605 747 3674 fatigatus
760 3607 868 3675 segnius
882 3608 1001 3662 dimicet:
1019 3603 1087 3671 αὐτὴ
1100 3605 1131 3657 δὲ
1149 3603 1220 3672 πρὸς
1231 3601 1336 3672 πατρὸς

223 3692 376 3759 ἐρισθενέος
387 3689 507 3742 πυκινὸν
520 3691 559 3742 dc]
575 3696 580 3757 Ι
595 3687 690 3762 ᾤχετο.
703 3692 746 3747 Aa
758 3695 871 3748 maxime
883 3693 911 3748 id
921 3694 1017 3748 mirum
1029 3699 1078 3758 est,
1090 3691 1335 3762 Thetinposthunc

222 3779 310 3834 locum
322 3782 382 3832 ante
398 3779 585 3834 11411111
603 3795 655 3834 non
674 3779 774 3846 induci,
789 3787 922 3850 tamquam
935 3781 957 3835 si
975 3795 1056 3834 curae
1073 3778 1129 3832 filio
1146 3777 1336 3846 impertiendae

223 3865 302 3932 plane
315 3862 398 3916 oblita
409 3865 466 3916 sit.-

291 3949 393 4004 Briseis
409 3953 434 3998 T
443 3949 494 4006 282
505 3967 563 4020 sqq.
576 3951 662 4006 subito
673 3950 810 4005 inducitur
822 3952 938 4007 Patrocli
950 3957 1047 4008 sortem
1058 3951 1086 4004 in
1095 3950 1210 4005 tentorio
1221 3949 1336 4004 Achillis
1386 3940 1390 3958 ‘

224 4036 380 4101 lamentans,
397 4041 490 4104 postea
507 4055 530 4092 v.
551 4038 601 4092 303
619 4053 675 4105 sqq,
693 4053 745 4090 non
762 4037 849 4090 miuus
868 4038 954 4093 subito
971 4037 1107 4107 principes
1125 4035 1287 4090 Achivorum
1303 4034 1337 4090 ad

224 4124 358 4178 Achillem
371 4121 509 4188 accedunt,
521 4129 654 4192 rogantes,
667 4129 696 4176 ut
703 4121 791 4175 cibum
803 4129 894 4176 sumat.
908 4124 1040 4179 Achillem
1047 4123 1117 4178 enim
1123 4121 1338 4176 diciesententia

225 4210 305 4279 plane
317 4213 438 4278 apparet,
451 4223 466 4262 e
478 4207 566 4261 verbis
578 4209 690 4262 minime.
715 4207 784 4262 Nam
794 4215 934 4278 postquam
946 4209 979 4264 de
990 4207 1113 4264 Briseide
1125 4208 1273 4276 expositum
1285 4210 1337 4271 est,

226 4313 249 4349 v.
272 4295 322 4350 302
340 4297 406 4350 haec
423 4298 583 4362 sequuntur:
602 4289 687 4346 αὐτὸν
712 4291 815 4363 δ’ἀμφὶ
838 4292 1099 4365 γέροντεςἉχαιῶν
1115 4288 1198 4361 ripaue
1218 4296 1303 4342 θοντο
1319 4290 1325 4358 Ι

227 4376 393 4450 λισσόμενοι
407 4381 560 4433 deturbem.
592 4379 669 4446 Quod
685 4381 836 4436 necessario
854 4381 885 4436 fit
902 4381 931 4434 in
947 4380 1060 4436 Achillis
1080 4378 1202 4444 tentorio,
1221 4378 1248 4432 in
1267 4375 1338 4444 quod
